3614 5318
619 456 661 512 De
681 456 813 512 codicum
834 456 1014 512 auctentate.
1421 461 1460 524 41

29 675 33 708 ι
136 657 173 721 3
201 655 368 740 θαλάσσηι
405 655 549 739 θαλάττῃ
578 653 604 718 O
629 650 772 735 (reete!);
798 657 819 717 4
842 654 1071 740 προσέσχομενε
1101 655 1294 741 προσέχομεν
1322 653 1399 737 ΟίΡ
1409 658 1463 738 Β);

32 770 36 778 ’
135 755 172 838 ἢ
200 757 260 838 μὴτ
289 755 396 838 llam.
416 752 457 835 03
482 754 500 816 5
525 754 643 838 ἔρρωσο
667 752 700 816 H
726 753 763 830 >
793 753 953 838 ἐρρῶσθαι
976 752 1040 815 AV
1064 755 1108 827 >
1132 773 1194 817 om.
1220 750 1261 831 O:
1297 753 1371 818 Illl
1398 759 1463 842 μὲν,

29 903 32 908 .
139 853 264 938 ὥσπερ
287 851 370 929 εἰκός
393 853 484 930 ἐστιν,
509 852 677 934 ἀγανακτῶ
701 852 735 916 δὲ
759 871 821 914 om.
848 848 889 929 (λς
913 853 932 913 2
957 850 1113 936 αἰσχίνηνε
1138 851 1261 936 αἰσχίνη
1286 849 1327 934 Ο;
1355 853 1463 918 vlla

144 949 354 1034 γενομένων;
376 949 557 1035 ἡγουμένων
579 945 620 1026 Ο;
643 949 666 1009 4
686 949 832 1032 ἐμαυτὸνε
850 949 904 1030 ἐμὲ
921 949 1014 1012 αὐτὸν
1031 945 1089 1011 ΟΒ
1107 945 1223 1029 (hiat).
1261 949 1354 1014 Unde
1375 953 1464 1016 colli-

29 1073 30 1080 *
139 1048 243 1132 gitur
265 1047 351 1111 huuc
376 1047 503 1128 librum,
528 1046 583 1130 qui
598 1046 722 1109 lacunis
738 1045 877 1109 maxime
893 1046 1029 1126 laborat,
1052 1044 1137 1110 inter
1152 1047 1244 1111 codd.
1262 1046 1358 1113 etv
1376 1051 1464 1135 prin-

29 1173 35 1188 ·
146 1145 263 1229 eipem
297 1145 428 1228 quidem
459 1145 565 1208 locum
597 1150 717 1222 tenere,
752 1164 857 1227 neque
889 1149 998 1207 tamen
1025 1143 1247 1228 incorruptum
1274 1147 1464 1230 profluxisse

145 1264 197 1306 ex
222 1243 384 1306 communi
407 1242 552 1306 codicum
577 1241 692 1305 horum
716 1241 900 1326 archetype,
937 1242 991 1326 qui
1014 1262 1055 1304 ne
1079 1242 1147 1326 ipse
1171 1243 1301 1326 quidem
1325 1245 1464 1310 intactus

31 1401 33 1408 ,
147 1346 331 1404 manserat.
367 1339 628 1424 Interpolationis
652 1344 760 1403 autem
783 1338 920 1423 vestigia
936 1339 967 1402 iu
986 1336 1011 1402 O
1029 1340 1159 1404 omuino
1176 1341 1337 1421 deficiunt,
1363 1365 1464 1428 quare

29 1473 35 1508 γ
147 1438 191 1501 hi
218 1437 415 1521 reliquarum
450 1437 658 1523 epistolarum
686 1437 749 1500 loci
776 1437 952 1500 secundum
986 1437 1053 1500 cod.
1091 1435 1117 1500 Ο
1151 1439 1340 1502 restituendi
1374 1448 1463 1506 sunt:

29 1547 31 1584 ί
149 1533 238 1598 VIII
278 1538 315 1599 σὺ
362 1538 416 1618 μὲν
456 1535 625 1612 ἐπιστελεῖς
668 1536 718 1598 διὰ
756 1537 871 1612 παντὸς
909 1537 990 1620 ἡμῖν,
1033 1535 1201 1618 ἀφίξεσθαι
1241 1535 1332 1622 (πρὸς
1370 1536 1465 1624 ἡμᾶς)

29 1669 31 1682 =
150 1632 198 1696 cf.
223 1654 252 1696 v.
280 1630 353 1717 ot63
373 1633 406 1696 X
423 1635 442 1697 8
461 1629 588 1717 (ταύτὸ)
610 1642 712 1711 τοῦτο,
738 1653 843 1717 recep.
861 1631 901 1696 R.
918 1632 984 1714 Bl.;
1010 1632 1047 1695 11
1067 1633 1190 1718 εἰρήνην
1206 1631 1332 1719 (ἄγειν),
1357 1658 1462 1723 recep.

29 1771 31 1774 -
147 1729 222 1813 Bl.;
245 1731 313 1795 XII
339 1734 357 1795 6
382 1731 501 1816 μᾶλλον
533 1727 694 1813 (αὐτοὺς).

29 1897 32 1906 ,
246 1829 275 1892 A
292 1829 402 1893 codice
423 1828 448 1893 O
466 1831 610 1914 proxime
631 1830 744 1893 abesse
764 1829 902 1892 vidimus
927 1830 1095 1893 codicem
1114 1831 1151 1910 A,
1171 1852 1367 1917 quamquam
1390 1855 1463 1919 per-

29 1967 31 1976 ‚
149 1947 252 2010 saepe
275 1927 442 2011 vulgarem
472 1927 618 1992 codicum
642 1927 704 2009 VB
729 1928 918 1991 memoriam
948 1928 1151 2011 amplectitur
1174 1935 1205 1992 et
1229 1931 1354 1995 mendis
1376 1931 1464 1995 haud

151 2024 280 2107 exiguis
304 2025 373 2109 ipse
388 2026 522 2090 laborat.
561 2025 624 2090 Sed
642 2047 714 2089 cum
733 2025 850 2090 codex
867 2025 893 2087 V
911 2025 1099 2089 recensione
1123 2047 1142 2089 a
1165 2025 1234 2090 viro
1259 2028 1353 2093 docto
1376 2029 1463 2094 insti·

151 2127 225 2186 tuta
247 2123 376 2187 limatus
400 2130 497 2208 atque
520 2124 696 2209 perpolitus
720 2124 769 2203 sit,
802 2129 980 2187 attextum
1004 2125 1109 2208 primo
1133 2123 1263 2208 quidem
1286 2127 1399 2190 obtutu
1423 2127 1464 2190 sd

29 2265 30 2298 3
151 2220 408 2304 intellegendum
436 2222 565 2286 facilem
589 2223 754 2306 praebeat,
779 2222 879 2286 codex
903 2222 933 2284 A
956 2221 1084 2306 saepius
1113 2242 1185 2285 cum
1214 2221 1239 2286 O
1269 2225 1463 2289 conveniens

152 2319 320 2404 archetypi
344 2320 443 2383 verba
466 2321 631 2384 incondita
654 2320 795 2383 retinuit.
843 2320 937 2392 Quod
961 2326 997 2383 ut
1016 2341 1102 2384 nuuc
1123 2341 1162 2384 ex
1178 2320 1320 2405 epistolis
1344 2320 1388 2385 II.
1405 2320 1462 2385 IV.

153 2416 196 2479 V.
214 2414 306 2479 VIII.
326 2417 365 2480 ad
389 2415 466 2481 XII.
492 2440 619 2503 quoque
645 2419 900 2502 comprobemus
924 2420 1064 2502 primum
1089 2440 1209 2502 quaeso
1233 2419 1384 2483 conferas
1405 2420 1463 2483 bas

150 2514 317 2594 lectiones,
343 2537 426 2598 quae
442 2517 584 2580 codicem
602 2517 632 2580 V
647 2538 721 2580 raro
738 2524 794 2580 aut
809 2517 982 2600 genuinam
1000 2517 1190 2580 memoriam
1215 2517 1385 2581 retinuisse
1408 2525 1465 2581 aut

151 2612 323 2698 postmodo
347 2615 544 2678 correctione
567 2615 735 2697 ingeniosa
758 2616 936 2678 restituisse
960 2615 1193 2678 demonstrant:
1219 2613 1265 2678 IV
1289 2619 1307 2678 ‘l
1332 2616 1463 2700 ἀοίδιμοι

152 2710 231 2774 VB:
257 2711 375 2794 δίδυμοι
400 2713 450 2789 (ex
474 2709 718 2794 modernior)
743 2710 824 2796 CA2
848 2741 883 2762 =
906 2712 1017 2797 διδὺμα
1040 2713 1070 2775 Α
1093 2734 1141 2796 pr.
1158 2712 1200 2790 P;
1224 2712 1252 2775 X
1273 2713 1461 2799 3καλλιρόη

151 2807 232 2872 VB:
256 2809 434 2894 καλλιθρόη
460 2809 534 2894 Opr.
560 2809 635 2887 AP3
660 2808 709 2872 XI
733 2813 750 2872 7
778 2812 843 2873 ἐπεί
874 2810 1014 2874 δότωσαν
1038 2810 1115 2872 VB:
1141 2810 1332 2876 ἐπιδότωσαν
1357 2810 1461 2875 ΟΑΡ.

151 2907 353 2990 Frequentes
376 2929 453 2971 vero
478 2909 686 2971 inveniuntur
702 2907 774 2985 loci,
799 2907 914 2991 quibus
938 2909 1152 2991 corruptionis
1175 2929 1364 2992 progressus
1387 2909 1463 2972 inde

153 3005 196 3068 ab
220 3005 393 3090 archetypo
418 3027 519 3090 usquc
543 3007 583 3069 ad
602 3007 748 3071 codicum
765 3005 828 3068 VB
844 3006 1034 3069 memoriam
1057 3005 1230 3089 levigatam
1249 3007 1462 3089 cognoscitur,

153 3104 221 3166 sive
246 3103 330 3185 quod
356 3104 482 3168 codices
507 3103 568 3167 On
591 3105 657 3167 iam
674 3103 816 3188 corrupti
831 3105 916 3167 inter
931 3124 964 3166 se
989 3103 1203 3182 consentiunt,
1228 3104 1294 3166 sive
1319 3104 1404 3188 quod
1428 3103 1462 3167 in

154 3200 264 3264 codice
279 3199 384 3266 Osolo
398 3203 539 3285 genuina
556 3203 711 3264 memoria
725 3208 838 3279 exstat,
850 3223 868 3264 a
881 3223 945 3285 quo
958 3201 1077 3264 codicis
1093 3201 1123 3264 A
1135 3201 1229 3265 lectio
1246 3201 1462 3286 aliquomodo

154 3301 218 3364 iarn
244 3301 389 3362 recessit:
415 3300 447 3363 ll
472 3302 490 3362 5
515 3309 559 3386 τῷ
583 3301 665 3386 γήρᾳ
688 3320 744 3364 σου
769 3298 794 3362 C
820 3300 873 3377 (ex
895 3299 938 3362 L⁷
962 3300 1083 3382 recepit
1105 3297 1225 3381 Blass.)
1245 3301 1282 3377 >
1304 3310 1403 3384 γῆρας
1426 3301 1462 3364 οὐ

155 3400 186 3461 Α
208 3425 243 3448 =
265 3399 301 3461 τὸ
324 3409 423 3483 γῆρας
447 3401 483 3462 οὐ
504 3399 531 3463 Ρ
561 3402 595 3474 >
621 3408 676 3463 τοῦ
706 3399 809 3484 γήρως
836 3420 893 3462 σου
917 3395 989 3460 VB.
1016 3433 1057 3442 —
1082 3396 1128 3460 IV
1155 3400 1169 3459 l
1195 3397 1345 3482 ἀρίιρρονοί
1367 3419 1401 3461 τε
1425 3399 1462 3461 ἐκ

154 3497 332 3580 δαμοίτητον
356 3495 381 3559 O
409 3499 446 3573 >
478 3497 628 3581 ἀρίφρονα
651 3498 704 3561 τὸν
728 3499 765 3559 ἐκ
788 3496 963 3581 δαμάτητον
990 3496 1065 3580 Apr.
1087 3495 1114 3559 P
1134 3497 1171 3573 >
1189 3493 1339 3581 ἀρίρρονα
1355 3497 1407 3559 τὸν
1423 3495 1461 3558 ἐκ

155 3595 332 3679 δαματήτου
347 3595 540 3679 (δαμαγίγτου
553 3592 640 3678 A2B)
653 3591 766 3678 n2vss.
791 3593 950 3678 Equidem
967 3615 1006 3656 ex
1019 3591 1045 3656 O
1058 3593 1208 3679 ἀρίφρονα
1219 3614 1253 3657 τε
1269 3595 1333 3656 καί
1367 3591 1462 3676 δαμά-

156 3692 275 3776 (γλητον
298 3694 442 3771 restitue,
467 3692 585 3776 quippe
607 3713 679 3754 cum
701 3691 861 3754 Pindarus
885 3689 951 3771 (01.
969 3690 1048 3772 VII)
1072 3691 1290 3775 Damagetnm
1313 3689 1463 3753 laudibus

156 3790 300 3854 extollat:
327 3791 366 3853 ad
391 3812 486 3874 quem
511 3791 545 3855 ὃν
568 3793 622 3854 καί
646 3791 662 3853 ὁ
686 3789 781 3874 μέγας
803 3791 879 3874 αίρει
895 3787 1044 3874 Πίνδαρος
1067 3787 1327 3872 aegrerelertur‚
1345 3789 1461 3850 sicum

156 3888 330 3951 editoribus
343 3910 383 3951 ex
396 3888 452 3950 VB
470 3889 620 3974 ἀρίφρονα
635 3891 688 3953 τὸν
705 3890 742 3952 ἐκ
758 3888 938 3972 δαμαγήτου
951 3887 1179 3972 (εάρίρρονα.
1194 3932 1201 3948 .
1216 3935 1223 3948 .
1241 3885 1290 3968 ὃν)
1304 3895 1461 3952 tenemus.

157 4021 197 4032 -—
219 3984 347 4050 teca
364 3985 389 4050 (l
407 3985 460 4066 (ci.
480 3987 634 4063 Brunck.)
656 3989 693 4066 >
712 3983 785 4050 ὧτε
808 3985 864 4049 ΑΡ
884 3989 920 4066 >
940 3988 973 4050 αί
986 4006 1020 4049 τε
1036 3983 1104 4047 VB.
1123 4019 1164 4030 -
1182 3984 1210 4047 V
1227 3983 1247 4046 3
1264 3985 1462 4069 μικρολογίας

157 4085 272 4163 ἔδοξεν·
296 4086 331 4148 τὸ
356 4084 409 4168 μὲν
430 4103 509 4162 τινος
525 4083 550 4148 Ο
570 4087 607 4159 >
627 4084 825 4170 μικρολογίας
840 4087 876 4148 τὸ
893 4083 948 4167 μέν
963 4105 1044 4160 τινος
1059 4081 1117 4146 ΑΡ
1133 4088 1177 4156 >
1194 4081 1391 4168 μικρολογίας
1407 4083 1461 4168 μέν

156 4185 233 4259 τινος
249 4181 324 4245 VB.
372 4182 545 4268 Archetypi
566 4185 660 4246 lectio
677 4183 710 4246 iu
728 4181 753 4245 Ο
770 4188 897 4246 serrata
913 4181 1069 4264 originem
1088 4181 1178 4244 duxit
1194 4202 1233 4244 ex
1248 4183 1355 4245 verbis
1373 4189 1462 4245 ante·

159 4281 342 4344 cedentibus
363 4281 562 4364 praeclarior
588 4279 696 4360 δὸξω·
724 4283 763 4344 τὸ
788 4282 851 4365 μὲν
876 4283 935 4364 γὰρ
957 4279 1174 4363 dittograpbia
1190 4279 1328 4343 iteratis:
1357 4299 1461 4362 neque

161 4379 241 4441 enim
257 4381 294 4442 τὸ
318 4381 373 4464 μὲν
397 4377 453 4459 (Α)
477 4399 581 4462 neque
606 4381 661 4464 μὲν
685 4378 742 4457 (V)
767 4379 805 4441 ad
831 4379 936 4441 locum
963 4377 1110 4456 quadrat.
1137 4377 1244 4448 Quare
1269 4376 1462 4441 haccverba

160 4475 257 4554 ἔδοξεν
272 4478 307 4540 τὸ
325 4479 379 4562 μὲν
396 4477 526 4540 omuino
544 4477 679 4540 delenda
696 4483 779 4554 sunt,
806 4496 878 4539 curn
895 4475 1040 4539 Blassius
1057 4477 1145 4538 omni
1160 4475 1370 4539 fundamento
1387 4472 1461 4536 sub·

161 4576 249 4638 ducto
261 4578 436 4640 restituerit
448 4576 645 4662 μικρολογίας
656 4577 693 4640 τὲ
709 4597 799 4652 τινος.
815 4611 856 4619 -
871 4577 888 4638 5
900 4577 956 4638 καί
968 4573 1057 4649 οὗτος
1068 4577 1123 4660 μὲν
1137 4577 1323 4658 ὑπεραγαπᾶ
1337 4593 1371 4636 τε
1386 4593 1461 4655 παρ·

161 4674 229 4738 όντα
245 4674 318 4738 καί.
339 4724 346 4738 .
365 4710 374 4738 .·
390 4674 599 4760 ἀπηλλάχθαι
620 4685 701 4739 ποιεῖ
716 4672 752 4754 Ο,
771 4673 857 4758 qnod
873 4674 988 4737 leviter
1003 4680 1160 4736 mutatum
1179 4673 1393 4754 (ὑπεραγαπᾶν
1409 4668 1460 4750 τὰ)
