3614 5318
636 499 678 554 De
698 499 832 554 codicum
851 501 1033 556 auctoritate.
1445 505 1488 569 47

165 697 305 782 θερίως.
351 697 396 761 At
434 698 474 761 de
510 697 670 762 scribendi
700 698 901 762 institutione
935 719 999 761 non
1032 699 1148 782 agitur,
1184 721 1284 784 quare
1318 698 1490 765 Bekkerus

175 796 303 859 ceteris
334 795 561 880 plaudentibus
593 795 676 859 ἀλλὰ
709 798 762 860 καί
793 798 958 881 τραφείς
990 797 1176 882 ἐλευθερίως
1211 797 1362 875 correxit,
1402 797 1488 881 quod

178 894 336 976 sequenti
362 896 416 958 καί
439 893 604 970 παιδείας
627 893 792 979 φροντίσας
805 897 845 958 τὰ
861 893 968 979 μέτρια
982 895 1201 978 responderet.
1248 894 1363 959 Melius
1380 901 1489 958 autem

169 991 224 1054 ad
247 991 333 1055 hunc
360 992 466 1056 locum
482 991 641 1076 quadrare
656 991 785 1054 videtur
805 990 888 1055 ἀλλὰ
910 993 964 1055 καί
987 992 1187 1076 ἐγγραφείς
1207 993 1403 1079 ἐλευθερίως,
1424 1014 1488 1076 quc

167 1089 358 1154 Aeschines
374 1091 475 1154 libere
487 1089 659 1173 inscriptus
675 1089 695 1151 i.
710 1111 737 1152 e.
748 1091 781 1152 in
795 1088 912 1153 civium
928 1090 1056 1153 tabulas
1069 1087 1120 1171 (τό
1132 1090 1334 1176 ληξιαρχικόν
1344 1110 1488 1176 γραμμα-

169 1185 274 1265 τεῖον)
283 1187 403 1251 relatus
420 1208 490 1251 ease
503 1187 629 1268 dicitur,
642 1208 716 1251 cum
730 1186 967 1251 Demosthenes
980 1188 1077 1250 otiam
1090 1188 1129 1250 de
1145 1187 1275 1251 civitate
1288 1189 1366 1267 eius,
1375 1209 1489 1273 quam·
1518 1244 1530 1256 .

173 1286 231 1348 vis
254 1286 386 1365 iniuria,
416 1285 611 1349 dubitaverit
644 1282 706 1365 (or.
722 1284 838 1348 XVIII
864 1286 926 1349 129
943 1284 1017 1371 sq.).
1035 1320 1076 1328 —
1094 1283 1203 1349 Verba
1219 1292 1326 1349 autem
1344 1307 1368 1349 s.
1386 1307 1416 1369 q.
1433 1289 1487 1350 καί

175 1383 294 1465 λόγους
317 1385 408 1463 οἵους,
439 1403 522 1467 quae
546 1382 690 1447 Blassius
723 1383 899 1446 secundum
923 1382 1076 1448 Wolfium
1100 1383 1146 1447 sic
1169 1383 1272 1447 dedit:
1306 1383 1360 1447 καί
1383 1381 1487 1468 λόγων

176 1478 266 1561 (scil.
288 1481 468 1566 φροντίσας)
496 1484 591 1563 οίους,
614 1482 733 1545 rectius
756 1481 893 1545 fortasse
917 1484 971 1546 καί
994 1482 1107 1565 λόγους
1129 1477 1376 1567 (διδασκόμενος)
1406 1483 1487 1558 οἵους
1510 1503 1512 1508 ’

179 1579 359 1663 compleas:
395 1578 435 1642 ci.
464 1586 709 1664 τριταγωνιστεῖν
737 1579 851 1663 μαθὼν
876 1627 883 1640 .
909 1629 916 1642 .
942 1628 948 1641 .
974 1579 1058 1644 ἀλλὰ
1080 1582 1134 1644 καί
1157 1581 1320 1666 ἐγγραφείς
1344 1627 1351 1640 .
1375 1625 1407 1640 ..
1432 1580 1487 1642 καί

183 1677 324 1753 παιδείας
348 1678 511 1762 φροντίσας
535 1726 543 1741 .
569 1725 575 1738 .
602 1725 609 1740 .
633 1679 687 1740 καί
703 1673 816 1760 λόγους
838 1673 965 1761 (μαθὼν
987 1678 1038 1740 vel
1061 1672 1294 1764 διδασκόμενος)
1315 1678 1406 1752 οίους.
1443 1710 1485 1720 -

177 1773 296 1837 itidem
332 1775 394 1856 §3
425 1775 667 1860 responsionem
709 1773 908 1837 luculentam
940 1774 982 1851 ὡς
1009 1774 1113 1840 πολλὰ
1145 1826 1152 1838 .
1186 1823 1194 1840 .
1228 1825 1235 1838 .
1264 1774 1409 1861 χρήματα
1443 1772 1486 1857 μή

179 1869 297 1956 λαβὼν,
329 1869 400 1937 ἀλλ’
432 1873 474 1950 ὡς
499 1921 506 1934 .
533 1921 540 1934 .
566 1921 573 1934 .
614 1872 702 1958 δίκην
735 1875 820 1937 κατὰ
850 1875 922 1949 τοὺς
954 1871 1065 1956 νόμους
1096 1872 1200 1957 λαβὼν
1232 1873 1395 1936 levissima
1425 1871 1486 1935 hac

175 1971 356 2034 mutatione
380 1972 507 2055 assequi
529 1971 650 2055 poteris
674 1966 745 2036 ἀλλ’
768 1971 819 2052 ὡς,
841 1973 880 2056 ήν
903 1981 1081 2055 προσήκεν,
1107 1971 1205 2056 δίκην.

269 2067 443 2132 Difficilior
467 2075 515 2134 est
537 2069 627 2132 locus
650 2068 776 2133 XII15
800 2069 863 2152 ἐγὼ
887 2069 922 2132 δὲ
944 2069 1020 2154 ὑπὲρ
1044 2078 1105 2133 τῶν
1129 2069 1263 2154 ἐμαυτοῦ
1286 2069 1404 2134 παίδων
1427 2070 1486 2132 οὐκ

178 2167 219 2229 ἂν
234 2166 309 2250 ὑμᾶς
325 2167 462 2252 πείσαιμι
480 2165 530 2248 (Ο,
547 2167 585 2230 ci.
599 2165 806 2245 Weidnerus)
824 2167 976 2250 δεόμενος,
994 2167 1036 2242 ως
1052 2163 1093 2250 μή
1110 2188 1160 2250 μοι
1179 2163 1235 2252 <ph
1251 2167 1348 2229 inser.
1365 2164 1405 2228 R.
1423 2161 1486 2250 sq.)

182 2262 275 2346 μόνον
303 2265 336 2329 ἐν
364 2265 495 2350 ὀρφανίᾳ
521 2275 688 2350 τραφῶσιν,
723 2260 794 2329 ἀλλ’
821 2265 950 2350 ὀρφανοί
972 2260 1020 2348 (θ’
1043 2265 1139 2328 inser.
1165 2263 1214 2327 Bl.
1239 2267 1370 2348 propter
1392 2257 1485 2344 hiat.)

181 2364 247 2443 ἅμα
269 2365 322 2427 καί
346 2364 480 2447 φυγάδες
503 2365 588 2440 ὄντες
610 2364 688 2444 κτὲ,
711 2363 767 2426 ubi
791 2363 823 2426 ἐν
847 2360 978 2448 ὀρφανίᾳ
1003 2369 1035 2426 et
1057 2365 1184 2448 ὀρφανοί
1207 2364 1292 2438 ὄντες
1310 2359 1485 2424 insolenter

185 2461 317 2543 quidem
348 2460 530 2544 significare
564 2461 693 2524 videtur
723 2461 810 2524 idem
846 2466 941 2544 atque
977 2461 1056 2539 §13
1090 2460 1254 2545 τρέφονται
1287 2457 1415 2542 πὲνήτες
1442 2457 1484 2522 ἐν

175 2559 315 2644 ἐρημίᾳ
336 2581 371 2623 τε
393 2558 447 2623 καί
470 2569 553 2642 φυγή
576 2558 742 2644 πατρῷοί.
764 2580 791 2620 e.
809 2557 914 2622 orbati
937 2556 1020 2640 (scil.
1045 2559 1158 2643 patria,
1184 2557 1322 2643 opibus),
1346 2577 1420 2620 cum
1443 2555 1484 2618 de

177 2661 269 2741 patre
297 2664 424 2721 mortuo
451 2657 503 2720 vel
526 2656 682 2721 morituro
707 2657 840 2740 cogitari
868 2664 1018 2740 nequeat.
1065 2657 1195 2721 Etenim
1220 2656 1253 2720 in
1276 2654 1484 2740 sequentibus

181 2755 376 2839 optimorum
405 2755 561 2818 librorum
590 2755 684 2817 lectio
712 2753 778 2818 είτα
805 2754 1053 2838 τελευτήσαντες
1085 2753 1309 2839 ἀναμνήσδήτὲ
1336 2774 1483 2838 μουμου

176 2852 217 2916 ad
241 2851 452 2932 Aeschinem,
476 2853 531 2916 sed
556 2852 598 2916 ad
621 2851 835 2915 Athenienses
858 2858 1028 2914 revocatur
1054 2852 1240 2935 „denique
1267 2850 1483 2914 recordamini

173 2949 275 3032 mei“‚
311 2973 391 3035 quos
415 2955 527 3014 auctor
549 2949 710 3034 implorat,
734 2955 769 3012 ut
792 2949 853 3012 sibi
877 2970 1005 3033 quoque
1029 2985 1071 2992 —
1094 2948 1168 3012 vivo
1192 2948 1406 3012 videlicet-
1430 2967 1482 3009 re·

175 3047 278 3112 ditum
307 3049 493 3113 concedant.
541 3048 718 3132 Perperam
746 3053 853 3111 autem
882 3046 1036 3110 Reiskius
1063 3045 1153 3128 (cum
1181 3067 1249 3130 sqq.
1267 3050 1395 3130 praeter
1418 3043 1481 3107 Bk.

174 3151 209 3209 et
230 3144 373 3228 Herch.)‚
409 3146 451 3224 ὡς
479 3147 521 3231 μή
550 3169 632 3232 μοι.
658 3195 665 3208 .
692 3195 698 3208 .
725 3145 764 3209 ad
794 3140 865 3209 ἀλλ’
892 3143 1020 3230 ὀρφανοί
1047 3140 1110 3228 (θ’)
1140 3147 1204 3230 ἅμα
1233 3193 1240 3206 .
1266 3192 1273 3206 .
1299 3191 1306 3206 .
1336 3141 1481 3206 referens

178 3250 274 3329 atque
301 3245 374 3309 ideo
402 3245 608 3328 negationem
637 3243 678 3329 μή
706 3249 779 3328 post
807 3243 848 3328 μή
877 3264 928 3329 μοι
954 3249 1114 3327 repetens,
1143 3243 1228 3306 hunc
1251 3242 1358 3305 locum
1381 3240 1481 3304 inter-

177 3350 322 3428 pretatus
350 3350 408 3425 est,
443 3350 479 3407 ut
506 3366 618 3408 sensus
647 3345 796 3408 exsistat:
831 3349 886 3424 „ut
914 3365 954 3407 ne
978 3342 1058 3406 mihi
1081 3342 1267 3406 adolescant
1290 3339 1354 3402 mei
1376 3338 1480 3419 liberi,

174 3462 240 3504 non
264 3442 368 3505 solum
391 3447 428 3505 ut
450 3443 530 3524 orbI,
555 3442 610 3505 sed
635 3443 731 3505 etiam
755 3448 792 3505 ut
814 3440 885 3504 orbi
901 3442 996 3505 simul
1012 3447 1108 3527 atque
1124 3437 1267 3504 exules“.
1314 3437 1481 3502 Sententia

174 3539 262 3602 enim
290 3540 507 3618 desideratur,
542 3560 606 3623 qua
634 3539 806 3603 clementia
833 3538 907 3602 filiis
931 3540 1070 3623 quodam
1095 3539 1190 3603 modo
1221 3538 1287 3600 iam
1312 3533 1481 3597 conciliata

176 3637 384 3720 significetur,
419 3633 456 3701 ut
482 3639 609 3722 patiens
636 3637 716 3700 illud
743 3639 806 3720 ἐγὼ
833 3639 892 3700 οὐκ
914 3639 952 3702 ἂν
979 3639 1058 3722 ὑμᾶς
1079 3637 1216 3720 πείσαιμι
1238 3634 1381 3716 δεόμενος
1405 3636 1479 3714 apte

174 3740 318 3799 transeat
341 3736 382 3799 ad
405 3736 505 3800 verba
527 3735 647 3799 fiducia
670 3735 767 3819 plena
790 3732 856 3799 είτα
887 3735 1127 3819 τελευτήσαντες
1156 3728 1379 3816 ἀναμνήσθήτὲ
1409 3749 1477 3814 μου.

174 3831 282 3917 Atque
306 3833 365 3896 soli
386 3833 481 3898 liberi
501 3833 765 3898 intercessionem
789 3852 880 3895 suam
905 3831 1080 3895 efficaciter
1104 3830 1189 3914 apud
1208 3828 1364 3914 populum
1378 3827 1480 3890 intor-

173 3951 295 4014 ponere
318 3939 463 4014 possunt,
488 3938 523 3996 ut
545 3933 623 4017 ipsis
647 3937 742 4014 atque
758 3936 869 4014 postea
886 3929 969 4013 patri
985 3929 1124 3992 reditum
1139 3929 1323 4011 impetrent.
1371 3924 1478 3997 Quare

173 4029 351 4092 orationem
374 4028 517 4093 hiantem
545 4031 596 4094 his
619 4029 688 4093 fere
702 4028 809 4091 verbis
832 4028 1010 4091 interiectis
1034 4025 1212 4090 sanandam
1236 4045 1306 4088 esse
1330 4030 1477 4108 apparet:

173 4121 244 4189 ἀλλ’
267 4127 396 4211 ὀρφανοί
418 4123 480 4211 (θ’)
503 4131 568 4211 ἅμα
591 4131 645 4193 καί
669 4123 804 4212 φυγάδες
827 4125 912 4201 όντες
933 4173 940 4188 .
958 4172 965 4186 .
985 4172 992 4187 .
1016 4127 1056 4188 τὰ
1079 4121 1181 4208 μέντοι
1203 4131 1265 4188 τῶν
1289 4122 1477 4187 ἑαλωκότων

174 4224 276 4289 πάντα
311 4222 514 4305 πεπονθότες,
549 4223 639 4310 (ὑπὲρ
674 4226 794 4288 ἑαυτῶν
827 4222 913 4287 αὐτοί
947 4220 1086 4306 δεόμενοι
1108 4222 1246 4286 πείσαιεν
1278 4216 1379 4304 ὑμᾶς)
1410 4219 1477 4284 είτα

168 4322 409 4408 τελευτήσαντες
431 4324 497 4387 κτὲ.

262 4517 314 4580 De
336 4517 461 4581 mendis
482 4515 523 4579 ab
540 4516 610 4579 aliis
627 4517 803 4581 editoribus
820 4515 1003 4578 coniectura
1017 4515 1084 4578 iam
1100 4515 1234 4578 sublatis
1250 4514 1301 4578 hic
1318 4515 1475 4577 disserere

174 4615 308 4698 longum
336 4622 396 4680 est:
437 4636 475 4679 ea
504 4635 586 4698 quae
614 4615 654 4677 de
682 4615 721 4677 iis
750 4613 885 4677 edocere
909 4613 1091 4677 necessaria
1114 4635 1185 4678 esse
1208 4612 1411 4691 videbantur,
1440 4611 1474 4674 in

173 4719 366 4796 apparatum
393 4714 539 4778 criticum
562 4712 681 4793 rettuli,
717 4712 769 4776 cui
792 4710 1022 4796 explicationes
1046 4731 1174 4795 quoque
1197 4709 1311 4773 breves
1335 4709 1387 4772 hic
1410 4708 1475 4772 illic
