3614 5318
624 498 667 553 Dc
687 497 820 554 codicum
840 498 1021 554 auctoritate.
1434 499 1475 563 37

153 701 217 760 est
239 696 370 780 πλησίον
386 697 623 782 ψαμαθοῦντοςς
647 702 743 760 vento
765 701 873 760 tamen
894 697 1030 761 adverso
1046 692 1194 782 (Libyco)
1215 697 1380 781 prohibiti,
1401 715 1480 780 quo-

152 795 274 857 minus
305 814 422 857 uavem
451 794 659 879 appellerent,
690 795 933 878 peregrinantes
961 794 1112 879 aquilone
1135 815 1247 859 rursus
1274 793 1309 858 in
1332 799 1480 882 apertum

152 891 267 978 delati
289 897 365 955 sunt
388 897 420 955 et
442 898 515 977 post
537 894 680 977 quinque
704 892 772 956 dies
800 892 840 956 ad
869 893 975 956 locum
1003 893 1164 978 quendam
1187 897 1400 972 accesserunt,
1426 892 1481 976 qui

153 991 355 1054 nominatur
366 990 486 1076 ἀερώνη
497 989 530 1053 Η
543 989 644 1073 (uude
656 989 786 1075 ἀθρὼνη
799 990 868 1054 cod.
882 990 984 1055 Paris.
998 991 1102 1076 suppl.
1117 991 1181 1055 205
1195 987 1286 1071 cett.)
1295 1017 1331 1042 ι·-
1340 987 1480 1075 ἀτορώνη

152 1086 246 1152 0:
262 1089 294 1153 ἐν
309 1087 450 1172 ἀτορὼνη
467 1086 523 1152 AP
539 1086 587 1169 (εν
604 1088 822 1173 dittographia
838 1109 877 1152 ex
892 1087 1118 1174 προσέσχομεν)
1137 1089 1175 1167 >
1193 1087 1318 1174 πορώνη
1334 1086 1365 1151 V
1379 1113 1416 1140 =
1430 1107 1480 1152 το·

156 1184 295 1270 ρὼνηΒ
320 1185 365 1265 (in
381 1185 412 1249 V
435 1192 468 1249 et
488 1185 515 1248 B
540 1187 724 1250 coniectura
747 1184 890 1270 aperta);
913 1187 1000 1251 unde
1023 1192 1176 1271 quattuor
1199 1185 1312 1249 diebus
1328 1183 1480 1248 Rhodum

159 1284 307 1368 profecti
329 1289 412 1347 sunt.
460 1282 567 1367 Atque
590 1282 711 1368 ἀερὼνη
734 1283 787 1346 vel
810 1283 950 1368 ἀτορώνη
973 1283 1070 1369 plane
1093 1284 1266 1348 obscurum
1290 1288 1348 1363 est,
1376 1301 1481 1366 neque

159 1381 290 1466 τορώνη
314 1380 480 1465 (oppidum
497 1381 707 1445 Macedoniae
731 1382 763 1444 in
781 1379 965 1446 Chalcidice
990 1379 1101 1463 situm)
1125 1402 1231 1466 neque
1245 1379 1370 1465 κορώνη
1395 1379 1478 1459 (cod.

157 1478 269 1543 Paris.
296 1480 393 1558 2832,
418 1478 456 1543 ci.
471 1478 674 1558 Weidnerus,
690 1477 711 1541 i.
737 1499 764 1542 e.
790 1479 946 1569 oppidum
959 1479 1138 1544 Messeniae
1160 1479 1212 1542 vel
1228 1475 1415 1564 Bithyniae)
1439 1477 1480 1541 ad

156 1577 274 1640 locum
299 1576 446 1661 quadrat,
474 1598 548 1640 cum
576 1597 689 1640 sensus
713 1577 878 1660 regionem
902 1584 1059 1641 remotam
1087 1576 1140 1658 (cl'.
1169 1577 1260 1642 atrae
1284 1575 1411 1653 νύκτας)
1440 1575 1479 1638 ad

157 1674 336 1738 meridiem
371 1679 570 1758 spectantem
606 1673 658 1754 (cf.
689 1672 877 1751 πνεύσαντος
912 1671 967 1738 ἀπ’
994 1675 1129 1760 ἄρκτων)
1165 1674 1313 1760 postulet.
1373 1671 1480 1744 Quare

155 1778 329 1836 corrector
352 1771 512 1835 secundus
535 1772 654 1836 codicis
674 1771 777 1835 Paris.
800 1772 888 1836 3054
915 1793 1027 1836 vorum
1051 1772 1188 1837 sortasse
1208 1772 1299 1852 vidit,
1328 1791 1478 1854 cumpro

153 1869 289 1956 κορώνη
313 1869 497 1934 restitueret
514 1869 642 1954 κυρήνη.
682 1869 834 1933 Attamen
858 1870 939 1933 haec
963 1871 1145 1935 emendatio
1168 1869 1315 1954 quamvis
1335 1868 1480 1953 speciosa

153 1968 341 2032 admodum
354 1967 453 2031 dubia
464 1973 522 2048 est,
537 1987 609 2030 cum
623 1987 642 2032 a
655 1967 772 2031 tradito
785 1966 905 2052 ἀερὼνη
918 1967 970 2030 vel
982 1966 1121 2052 ἀτορώνη
1135 1967 1261 2052 longius
1274 1966 1368 2048 absit,
1381 1987 1478 2051 quam

154 2073 195 2130 ut
211 2066 341 2130 ratione
368 2063 638 2150 palaeographica
661 2063 755 2128 facile
771 2064 929 2128 declarari
952 2071 1059 2149 queat.
1078 2100 1118 2110 -
1136 2064 1310 2129 Praeterea
1325 2064 1478 2129 traditum

153 2164 243 2228 illud
279 2165 356 2248 ὑπὲρ
390 2163 508 2247 κρητην
542 2162 673 2246 πλησίον
708 2163 931 2246 ψαμαθοῠντος
966 2163 1126 2248 explicatu
1161 2169 1209 2226 cst
1241 2162 1477 2242 difficillimum,

155 2283 238 2326 cum
271 2261 424 2346 oppidum
455 2283 484 2345 q.
514 2281 541 2324 e.
588 2259 781 2324 Psamathus
813 2261 898 2324 inter
925 2261 1021 2325 urbes
1050 2259 1166 2325 Cretae
1194 2267 1307 2324 uotum
1333 2280 1398 2324 non
1427 2259 1478 2340 sit,

155 2361 240 2425 urbs
266 2365 375 2422 autem
399 2359 494 2422 huius
518 2358 658 2423 nominis
680 2357 841 2422 Laconica
865 2379 966 2444 prope
982 2357 1165 2422 Taenarum
1190 2358 1251 2423 site
1274 2379 1347 2422 cum
1371 2357 1478 2422 verbis

155 2457 253 2522 haud
288 2456 448 2540 ambiguis
481 2457 557 2541 ὑπὲρ
590 2457 707 2543 κρητην
740 2457 825 2520 male
855 2457 1078 2542 coniungatur.
1126 2455 1319 2520 Weidnerus
1347 2455 1478 2541 quidem

155 2557 224 2620 hac
251 2555 291 2618 de
315 2575 412 2618 eausa
443 2575 500 2638 pro
529 2555 646 2639 κρήτην
675 2554 852 2619 rescribere
879 2555 982 2618 voluit
1004 2555 1148 2640 κὺθηραν
1176 2554 1287 2635 (immo
1311 2552 1477 2640 κύθηραὲ),

154 2652 252 2738 quod
283 2651 481 2715 alibrorum
516 2651 673 2715 memoria
708 2653 838 2715 omnino
874 2652 1034 2716 abhorret.
1084 2653 1126 2716 At
1162 2653 1239 2716 mihi
1271 2655 1303 2716 in
1336 2657 1477 2716 mentem

155 2751 256 2814 venit
279 2749 485 2833 ἀμαθοῦντος,
511 2748 619 2833 oppidi
645 2749 810 2812 cuiusdam
835 2747 945 2834 prrii
961 2749 1076 2829 (litoris
1092 2749 1285 2830 meridiani),
1310 2749 1396 2834 quod
1411 2748 1477 2813 for-

156 2849 249 2912 sitan
273 2845 360 2908 idem
385 2853 432 2909 est
456 2851 552 2929 atque
576 2845 809 2930 ψαμαθοῠντος,
826 2847 924 2909 veluti
941 2849 1042 2933 ἄμμος
1059 2853 1089 2910 et
1105 2846 1230 2932 ψάμμος
1247 2845 1303 2929 (cf.
1322 2847 1474 2910 Sammet.

157 2945 204 3008 ad
237 2942 312 3022 loc.)
341 2944 545 3008 conveniunt.
592 2941 700 3006 Nihilo
728 2943 834 3006 secius
861 2943 929 3006 sive
951 2944 1035 3008 hanc
1062 2945 1308 3028 explicationem
1338 2943 1476 3027 accipias

156 3045 233 3107 sive
262 3041 451 3126 oppidulum
480 3040 530 3104 hic
559 3040 774 3125 significatum
797 3062 868 3104 esse
896 3041 1078 3126 suspiceris,
1104 3043 1189 3126 quod
1220 3041 1305 3104 inter
1333 3038 1476 3104 Creticus

156 3140 261 3204 urbes
286 3140 429 3202 nondum
453 3145 597 3222 repertas
621 3137 709 3219 latet,
734 3139 844 3222 utique
869 3138 1025 3203 dubitatio
1049 3147 1168 3218 manet,
1193 3146 1300 3202 utrum
1329 3136 1476 3200 codicum

158 3239 322 3302 memoria
346 3238 467 3299 intaeta
491 3237 532 3299 sit
554 3257 667 3300 necne.

255 3431 383 3496 Codicis
406 3431 440 3494 H
463 3433 651 3495 memoriam
677 3453 765 3516 ergo,
790 3431 984 3516 ubicumque
1010 3433 1109 3507 adest,
1134 3434 1218 3497 inter
1241 3453 1353 3497 omnes
1375 3431 1475 3496 libros

157 3531 373 3616 epistolarum
403 3529 658 3594 Aeschinearum
687 3530 783 3613 longe
814 3536 978 3615 praestare
1008 3531 1148 3594 evictum
1172 3538 1231 3610 cst,
1262 3531 1381 3615 quippe
1411 3550 1476 3613 qua

157 3628 314 3694 omnibus
337 3628 406 3692 fere
436 3648 514 3712 quos
538 3628 746 3692 tractavimus
769 3628 847 3692 locis
875 3629 1016 3712 genuina
1042 3629 1138 3693 lectio
1162 3634 1289 3693 servata
1316 3626 1365 3692 sit.
1412 3625 1476 3690 Hic

157 3747 247 3792 unus
276 3725 354 3789 mihi
382 3724 551 3809 scrupulus
578 3731 686 3805 restat,
722 3746 799 3788 num
827 3721 959 3805 hletae,
991 3747 1086 3810 quem
1115 3725 1234 3790 codicis
1261 3725 1294 3788 H
1320 3725 1475 3789 lectiones

157 3824 326 3889 interdum
343 3823 530 3908 praeferunt
553 3820 642 3903 (cal
665 3819 776 3887 τούτου
791 3820 855 3904 οὖν,
879 3823 1088 3909 cataracta
1109 3846 1167 3910 μου
1183 3824 1306 3905 αὐτόθι,
1334 3822 1377 3886 Vl
1400 3821 1474 3888 ὑπο-

157 3920 236 4006 δὲξη
262 3920 380 4000 αὐτὸν),
403 3921 435 3984 in
457 3942 588 3985 censum
610 3921 721 3985 venire
740 3920 874 4005 possint,
898 3928 935 3985 ut
957 3921 1059 3986 codici
1075 3921 1108 3984 H
1127 3920 1225 3985 fidem
1241 3922 1474 4006 denegantibus

157 4020 256 4084 nobis
281 4019 321 4082 ad
346 4025 468 4082 ceteros
491 4019 590 4084 libros
614 4019 845 4083 recurrendum
870 4021 919 4084 sit.
967 4018 1073 4102 Atque
1102 4040 1320 4103 omnesquae
1348 4026 1475 4085 exstant

158 4117 315 4202 epistolas
338 4116 583 4201 respicientibus
607 4118 648 4181 ad
671 4117 794 4181 hiatum
819 4117 1002 4182 evitandum
1027 4139 1090 4182 nou
1115 4117 1147 4181 in
1172 4119 1321 4182 omnibus
1337 4120 1474 4183 eandem
1590 4129 1591 4133 ’

158 4215 364 4300 diligentiam
388 4213 563 4278 adhibitam
588 4236 658 4280 esse
681 4214 887 4300 intellegitur,
912 4237 986 4279 oum
1002 4215 1121 4299 duplex
1141 4216 1349 4300 epistolarum
1371 4237 1474 4301 genus

159 4313 293 4378 anxiam
316 4312 423 4376 hiatus
448 4332 558 4375 curam
587 4319 643 4376 aut
666 4313 860 4398 efflagitaret
887 4320 942 4377 ant
965 4318 1141 4379 recusaret.
1195 4314 1359 4399 Epistolae
1387 4315 1473 4378 enim

161 4415 219 4473 aut
234 4410 383 4495 publicae
400 4416 474 4474 sunt
490 4408 531 4472 ad
547 4417 693 4475 senatum
709 4411 928 4495 populumque
946 4411 1193 4477 Atheniensium
1208 4413 1336 4494 missae,
1357 4411 1473 4496 quibus

161 4507 377 4573 elocutionem
407 4507 560 4571 orationis
584 4508 856 4572 demonstrativae
880 4508 1052 4573 convenire
1077 4516 1220 4595 apparet,
1249 4515 1305 4575 aut
1327 4510 1472 4594 privatae

163 4610 239 4667 sunt
254 4604 468 4670 familiaribus
484 4605 674 4684 destinatae,
696 4626 779 4689 quae
796 4606 903 4670 stilum
920 4606 1100 4690 elegantem
1117 4607 1247 4692 quidem
1268 4613 1301 4670 et
1319 4607 1472 4671 fluentem

163 4720 269 4784 neque
293 4709 400 4768 tamen
426 4703 553 4787 legibus
578 4702 774 4767 scholasticis
802 4703 968 4769 astrictum
995 4706 1168 4789 postulant.
1216 4704 1316 4768 Ocius
1345 4707 1473 4790 generis
