3614 5318
265 1225 356 1346 Tibi,
380 1271 570 1351 praeceptor
592 1265 722 1350 egregie
746 1269 843 1348 etque
866 1262 1016 1327 omnibus
1038 1261 1233 1341 venerande,
1261 1261 1345 1326 herro
1365 1261 1485 1345 episto·

170 1367 280 1430 lurum
310 1363 370 1430 sub
392 1363 563 1428 Aeschinis
585 1362 715 1428 nomine
739 1361 931 1426 traditarum
954 1360 1128 1425 editionem
1151 1380 1277 1425 sacram
1306 1379 1378 1425 esse
1400 1359 1485 1442 volo,

173 1483 249 1527 oum
276 1461 463 1547 propediem
487 1461 575 1526 XIV.
605 1461 742 1525 lustrum
767 1457 931 1543 complens
954 1459 1040 1522 vitoe
1068 1457 1218 1522 omnibus
1241 1457 1333 1522 bonis
1362 1457 1485 1524 artibus

39 1546 42 1560 ’
173 1559 342 1625 dedicatae
364 1579 492 1625 summa
513 1580 600 1624 nuuc
623 1557 720 1622 laudo
743 1557 829 1621 inter
850 1556 937 1621 viros
961 1555 1143 1642 philologos
1165 1554 1372 1620 meritissimo
1400 1555 1485 1621 cele·

173 1657 286 1721 breris.
333 1657 448 1741 Neque
471 1677 608 1742 parvum
630 1657 693 1720 hoc
715 1654 860 1719 officium
887 1655 995 1720 animo
1019 1675 1083 1738 quo
1107 1653 1141 1717 in
1169 1674 1221 1717 me
1244 1673 1372 1739 semper
1394 1653 1485 1719 fuisti

174 1755 315 1841 benigno
336 1756 529 1840 asperneris,
553 1753 638 1838 quod
660 1752 717 1816 tibi
739 1751 839 1817 reddo
855 1753 919 1817 tuis
933 1752 1114 1837 praeceptis
1138 1751 1179 1816 ab
1203 1751 1420 1817 adolescentia
1442 1752 1484 1817 ad

173 1853 297 1919 litteras
312 1853 487 1931 institutus,
509 1857 564 1916 tua
580 1851 805 1916 benevolentia
820 1851 853 1914 in
869 1851 984 1915 studiis
1008 1849 1088 1914 meis
1103 1870 1281 1934 numquam
1302 1851 1484 1916 destitutus.

173 1950 298 2016 Maiora
321 1951 485 2035 promitto,
508 1970 582 2014 cum
606 1948 757 2014 Isocratis
780 1954 813 2012 et
832 1948 1072 2028 Demosthenis,
1096 1968 1295 2013 summorum
1319 1954 1485 2013 oratorum

173 2047 367 2129 Atticorum,
391 2047 565 2112 editionem
589 2047 734 2113 criticam
753 2047 932 2132 parandam
949 2052 980 2111 te
1004 2053 1135 2111 auctore
1159 2047 1355 2131 susceperim
1380 2067 1500 2134 neque

173 2145 250 2210 inde
272 2166 293 2209 a
315 2145 540 2210 dissertatione
565 2146 615 2227 ,de
639 2145 785 2211 codicum
802 2145 1040 2210 Isocrateorum
1063 2144 1275 2226 auctoritate‘,
1299 2164 1397 2228 quam
1421 2145 1485 2208 tuis

174 2243 327 2328 auspiciis
347 2249 421 2308 ante
444 2244 502 2308 hos
526 2244 638 2308 decem
662 2265 764 2309 annos
788 2243 885 2326 edidi,
908 2264 1103 2329 praeparare
1128 2263 1282 2327 umquam
1309 2243 1483 2307 omiserim.

174 2341 266 2413 Quae
282 2363 359 2406 vero
374 2343 499 2407 intereo
515 2341 717 2427 amplificans
733 2341 840 2407 studia
855 2363 928 2406 mea
943 2341 983 2406 de
999 2341 1125 2426 legibus
1141 2346 1174 2405 et
1188 2340 1342 2405 institutis
1357 2337 1484 2421 Atticis,

174 2439 215 2502 de
246 2438 518 2525 inscriptionibus,
552 2440 593 2504 de
625 2440 753 2504 theatro
786 2441 989 2526 Syracusano
1019 2473 1061 2484 —-
1090 2438 1175 2523 quod
1204 2443 1310 2516 tecum
1339 2437 1483 2502 Siciliam

173 2554 349 2621 peragrans
372 2539 433 2602 visi
458 2574 510 2619 —,
540 2538 814 2622 descriptoribus
838 2536 973 2603 Graecis
1000 2537 1167 2602 rhetoricis
1190 2542 1287 2621 atque
1311 2535 1484 2616 historicis,

174 2634 214 2698 de
230 2633 373 2701 Homero
397 2642 430 2701 et
448 2636 670 2720 antiquissimo
688 2635 889 2702 Graecorum
910 2636 998 2700 cultu
1018 2641 1051 2699 et
1072 2634 1274 2699 humanitate
1297 2634 1484 2719 conscripsi,

174 2752 366 2816 coaequum
384 2755 512 2818 semper
527 2732 612 2817 apud
628 2739 660 2796 te
676 2733 831 2797 iudicium
846 2735 1050 2814 invenerunt,
1064 2732 1149 2817 quod
1166 2723 1221 2797 elii
1237 2732 1368 2817 quidam
1384 2731 1485 2809 dene·

173 2835 334 2912 gaverunt
355 2829 443 2893 mihi.

262 2925 423 3011 Epistolss
439 2933 546 2992 autern
562 2927 730 2992 Aeschinis
746 2928 876 2992 nomine
892 2929 1072 3013 inscriptos,
1090 2928 1238 3020 quamvis
1254 2945 1311 2994 ees
1325 2927 1486 3012 genuinae

173 3045 238 3089 non
270 3044 341 3088 esse
370 3025 455 3090 inter
484 3046 597 3090 omnes
626 3031 751 3090 constet
782 3025 838 3104 (ci.
868 3024 1000 3110 Taylori
1027 3011 1163 3111 praefat
1198 3025 1284 3109 apud
1312 3021 1484 3089 R'eiskium

174 3121 264 3186 Oret.
286 3121 608 3208 &resculpsero
630 3146 677 3208 sq
702 3130 735 3188 et
749 3122 926 3188 Blessrum
952 3123 1017 3187 Att
1041 3121 1175 3187 Bereds.
1198 3121 1303 3203 1112,
1327 3121 1402 3186 edit.
1427 3123 1483 3187 alt,

176 3219 261 3285 1898
277 3241 308 3305 p.
328 3221 390 3286 185
407 3222 480 3306 sq),
508 3227 659 3287 accurata
674 3222 882 3307 inquisitione
902 3220 1035 3286 minime
1055 3221 1205 3306 indignas
1221 3241 1291 3285 esso
1315 3221 1355 3285 de
1375 3221 1484 3286 indole

173 3338 285 3382 earum
309 3324 407 3404 etque
434 3325 550 3385 nature
573 3320 719 3406 cogitans
747 3321 894 3406 cognovi.
942 3319 1121 3405 Singularis
1148 3319 1338 3405 praesertim
1367 3318 1484 3384 harum

173 3414 381 3500 epistolarum
398 3417 548 3499 conditio,
565 3440 649 3504 quae
664 3425 698 3483 et
708 3419 742 3483 in
753 3418 843 3483 libris
855 3418 1044 3484 Aeschiueis
1057 3424 1089 3483 et
1100 3419 1134 3482 in
1150 3417 1484 3503 epistolographorum

172 3513 415 3579 collectionibus
435 3521 582 3580 servatae
597 3523 683 3596 sunt,
707 3537 859 3601 magnam
880 3538 971 3602 spem
994 3517 1154 3597 excitavit,
1177 3516 1299 3581 forent
1320 3515 1371 3580 bis
1394 3515 1485 3580 libris

171 3613 357 3696 perquisitis
372 3634 446 3677 cum
459 3613 500 3678 ad
512 3614 682 3679 Aeschinis
695 3614 830 3680 oratoris
842 3635 941 3700 opera
953 3621 1022 3679 tum
1037 3615 1078 3680 ad
1091 3615 1299 3700 epistolarum
1312 3613 1484 3697 scriptores

172 3709 315 3774 minores
337 3732 377 3776 ex
399 3711 563 3776 codicibus
587 3713 815 3777 emaculandos
842 3713 964 3797 aliquid
986 3713 1226 3798 proficeremus.
1273 3710 1381 3782 Quare
1409 3731 1484 3776 cum

172 3803 410 3873 Maximilisnus
439 3809 547 3895 Heyse
570 3810 841 3890 Vratislaviensis,
868 3831 953 3875 nunc
980 3809 1224 3875 Bunalaviensis
1247 3829 1300 3872 me
1326 3814 1482 3894 rogasset,

172 3909 209 3967 ut
225 3905 392 3970 occasione
408 3907 484 3972 data
506 3908 605 3973 libros
622 3908 778 3993 quosdam
801 3909 984 3973 orationum
1000 3908 1256 3973 Aeschinearum
1278 3906 1483 3992 inspicerem,

173 4022 312 4087 quarum
335 4023 453 4069 novam
475 4012 647 4091 paraturus
671 4011 721 4070 est
744 4005 919 4072 editionem
942 4007 1096 4086 criticam,
1122 4004 1330 4089 epistolarum
1354 4025 1483 4090 quoque

172 4100 260 4165 etin
284 4099 335 4164 his
363 4100 525 4168 codicibus
549 4109 582 4167 ct
603 4105 637 4168 in
661 4104 732 4169 eliis
758 4104 950 4169 traditarum
979 4124 1090 4168 curem
1112 4103 1222 4168 habui.
1268 4103 1382 4188 Neque
1410 4123 1484 4188 spes

172 4219 225 4263 rue
252 4197 383 4278 fefellit,
416 4221 492 4266 nam
523 4202 647 4266 collatis
674 4203 759 4267 inter
786 4223 821 4266 se
849 4201 985 4284 duabus,
1018 4200 1135 4286 quibus
1163 4201 1318 4287 epistolae
1345 4201 1485 4266 traditae

172 4303 256 4377 sunt,
285 4297 432 4362 codicum
456 4298 586 4365 familiis
608 4301 680 4364 luce
704 4299 823 4365 clarius
847 4300 1006 4385 apparuit,
1033 4300 1205 4385 plerosque
1227 4298 1337 4378 libros,
1366 4297 1485 4382 quibus

171 4395 353 4462 orationum
369 4396 626 4462 Aeschineerum
642 4397 799 4462 memorio
814 4398 971 4479 innititur,
989 4397 1070 4462 tenti
1087 4419 1151 4463 nou
1168 4417 1238 4462 esse
1254 4395 1482 4476 aestimandos,

170 4499 208 4558 ut
221 4514 276 4560 eos
288 4502 413 4560 certum
422 4500 528 4560 textus
541 4496 756 4561 constituendi
767 4495 1016 4561 fundamentum
1027 4495 1147 4562 habere
1158 4495 1328 4582 possimus.
1353 4492 1484 4579 Episto-

170 4589 403 4677 logrephorum
430 4615 508 4658 vero
530 4593 655 4658 librum
678 4594 841 4678 quendam
864 4595 1073 4681 archetypum
1096 4594 1183 4660 haud
1207 4589 1457 4720 spernendum
1448 4612 1483 4656 1n

171 4687 282 4754 codice
304 4689 482 4757 Harleiauo
506 4692 594 4756 5610
617 4693 754 4777 repperi

225 4808 293 4852 om
265 4813 778 4864 pumurqrspsnn
1306 4800 1318 4852 1
