3614 5318
275 427 318 510 14
642 424 892 495 Aeschinis-quae
909 423 1045 482 feruutur
1063 423 1215 496 epistolae.

272 625 367 693 scrita
399 645 491 711 grecs
519 623 703 710 d'Espagae
735 628 768 688 et
799 623 840 690 de
869 624 1044 710 Portugal“
1079 625 1114 692 iu
1141 625 1316 692 Nouvelles
1347 622 1495 690 archives
1526 625 1585 691 des

273 725 422 806 missione
446 720 663 806 scientifiques
686 727 719 786 et
741 718 911 787 litte'raires
927 720 960 786 11
984 723 1070 788 1892
1093 745 1125 809 p.
1142 725 1218 788 292.
1265 722 1306 788 ci.
1329 743 1404 808 pag.
1422 721 1476 790 33.
1560 737 1562 744 ’

282 874 284 878 ,
364 818 422 904 48)
447 819 524 884 cod.
542 818 765 901 Maedianus
781 819 913 904 quidam
929 820 1069 884 innotuit
1083 842 1124 898 aa
1146 821 1197 886 hie
1212 820 1343 906 Teylori
1364 821 1472 887 verbis
1495 821 1585 903 (vide

273 918 446 1010 Reiskium
456 918 476 983 l.
489 937 516 982 o.
526 915 577 981 III
588 939 620 1004 p.
632 919 706 992 771,
719 917 857 981 Schultz.
869 939 899 1003 p.
911 916 1053 998 xxlvb
1068 916 1199 1000 ,Codex
1212 919 1275 984 viri
1285 919 1584 1004 praecellentissimi

274 1016 346 1082 Rio.
374 1015 470 1081 hlaad
497 1014 582 1079 Med.
612 1015 653 1080 D.
679 1014 851 1094 Archiatri,
885 1014 1105 1102 bombycinus,
1138 1017 1276 1102 scriptus
1305 1037 1405 1082 manu
1432 1018 1583 1103 eleganti,

271 1113 330 1204 sed
369 1114 560 1194 recentiore,
598 1113 632 1177 in
670 1112 759 1195 folio,
799 1133 872 1178 cum
911 1111 1040 1177 scholiis
1078 1115 1322 1200 marginalibus,
1362 1116 1584 1201 complectitur

279 1216 306 1276 l.
323 1211 493 1277 Aeschinis
509 1232 555 1276 or.
579 1214 648 1297 περὶ
671 1209 871 1297 παραπρεσβ,
903 1213 934 1275 2.
953 1208 1027 1296 Ιπερὶ
1042 1211 1207 1296 στεφάνου.
1246 1211 1276 1276 3.
1302 1213 1489 1297 epistolas
1507 1214 1584 1280 XII

272 1321 308 1374 et
335 1308 451 1374 deinde
485 1329 585 1373 manu
613 1309 813 1393 aliquantum
848 1308 976 1373 diversa
1020 1310 1052 1373 4.
1095 1309 1273 1374 orationem
1301 1309 1336 1373 in
1364 1309 1583 1378 Timarchum.

273 1406 305 1474 5.
332 1406 535 1493 Pythagorae
558 1426 658 1471 aurea
674 1405 827 1471 carmina.
864 1406 895 1470 6.
911 1404 1073 1471 Hieroclis
1089 1404 1268 1472 Commeat.
1293 1407 1334 1471 ad
1358 1407 1413 1472 illa
1429 1410 1582 1475 carmina.

275 1506 361 1570 Ante
385 1505 563 1569 orationem
591 1504 729 1588 primam
758 1508 984 1588 argumentum
1010 1513 1066 1570 τοῦ
1088 1515 1143 1590 τῆς
1165 1526 1313 1590 caparra,
1343 1504 1433 1570 cuius
1456 1507 1585 1574 initium

272 1604 422 1689 ἀθηναῖοι
449 1599 588 1687 pittaco
616 1600 848 1686 πολεμήσαντες
871 1601 912 1665 ad
939 1601 1037 1665 finem
1064 1603 1109 1668 ὅτι
1131 1601 1285 1688 ἠδυνήθη.
1331 1602 1418 1666 Ante
1441 1609 1521 1668 orat.
1549 1606 1584 1669 iu

275 1700 486 1765 Timarchum
515 1699 583 1764 vita
611 1698 791 1778 Aeschinis,
827 1699 917 1762 cuius
949 1699 1018 1763 init.
1051 1698 1190 1786 αἰσχίνης
1220 1698 1259 1785 ἣν
1291 1701 1378 1785 ἀνὴρ.
1425 1700 1501 1765 Scil.
1535 1708 1586 1766 est

272 1797 404 1862 Libaaii
427 1803 652 1880 argumentum
677 1795 831 1861 orationis
847 1794 1015 1861 Demosth.
1039 1817 1072 1861 π.
1088 1818 1225 1884 παραπρ.
1260 1797 1355 1862 Prior
1370 1818 1444 1883 pars
1461 1804 1586 1865 constat

276 1895 388 1960 decem
416 1895 693 1980 quaternionibus,
720 1894 879 1979 posterior
906 1915 1033 1975 novem,
1061 1895 1117 1979 qui
1141 1895 1180 1960 de
1207 1896 1335 1981 integro
1362 1902 1584 1962 numerantur.

273 1992 393 2059 Cetera
408 1993 568 2058 recentior
583 1993 752 2078 potiorque
768 2013 843 2077 pars
858 1991 972 2056 eodem
996 1993 1125 2058 saeculo
1149 2000 1281 2058 exarata
1295 1994 1453 2059 videtur.“
1491 1994 1585 2061 Unde

275 2091 362 2156 huuc
377 2091 495 2156 librum
511 2111 577 2171 non
593 2089 732 2155 eundem
749 2111 819 2154 esse
835 2095 932 2174 atque
952 2088 1096 2154 codicem
1111 2089 1186 2154 B=
1198 2090 1290 2156 Harl.
1308 2092 1396 2157 5635
1412 2113 1431 2156 a
1446 2091 1585 2179 Tayloro

276 2188 430 2275 collatum
447 2223 489 2233 —-
505 2188 539 2253 id
556 2187 643 2273 quod
659 2186 802 2252 Blassius
818 2187 983 2251 contendit
997 2187 1099 2272 praei.
1115 2209 1147 2272 p.
1163 2187 1248 2252 XIII
1265 2210 1295 2254 u.
1315 2193 1330 2252 l
1346 2225 1388 2234 -
1404 2190 1587 2256 luculenter

276 2293 428 2374 apparet,
446 2307 522 2351 nam
546 2291 595 2350 est
617 2284 732 2350 ood.B
755 2283 929 2368 praecipue
952 2283 1295 2370 epistolographorum.
1332 2283 1442 2352 (lodex
1464 2286 1586 2357 Msadi·

277 2405 358 2448 anus
375 2391 494 2463 autem,
515 2404 612 2468 quem
634 2383 667 2447 in
685 2381 883 2446 orationibus
903 2382 1006 2446 solum
1024 2403 1043 2446 a
1059 2381 1197 2467 Tayloro
1216 2404 1387 2448 excussum
1404 2383 1591 2449 Schultzius

276 2483 417 2567 signavit
430 2518 467 2542 =
481 2501 512 2563 q,
547 2480 732 2565 deperditus
766 2479 895 2543 videtur
926 2500 1011 2544 esse:
1045 2485 1132 2544 certe
1163 2481 1300 2566 vestigia
1330 2481 1399 2546 eius
1429 2481 1586 2568 indagare

277 2579 356 2644 mihi
379 2600 444 2644 nou
469 2577 612 2663 contigit.
659 2577 700 2642 ci.
724 2597 798 2662 pag.
816 2575 869 2640 33.

811 2861 1049 2872 n—-a-u——n

823 3091 1039 3178 OaputIL

532 3219 643 3310 Quae
666 3221 769 3292 ratio
793 3222 899 3291 inter
921 3221 1080 3291 sources
1104 3220 1337 3292 intercedat.

367 3349 512 3431 Codices,
558 3371 639 3436 quos
677 3372 776 3436 supro
809 3350 974 3436 descripsi,
1016 3371 1128 3416 omnes
1162 3350 1256 3416 diviei
1290 3356 1366 3417 sunt
1397 3352 1432 3416 in
1466 3373 1588 3436 genera

276 3449 354 3530 duo,
389 3449 506 3534 quibus
537 3447 717 3512 commixtis
752 3446 883 3513 tertium
915 3453 1021 3514 ortum
1052 3455 1101 3513 est
1130 3469 1245 3534 parum
1281 3456 1445 3530 coustans;
1480 3471 1587 3536 neque

278 3554 388 3612 tamen
426 3545 537 3612 classis
570 3545 651 3610 haec
690 3547 908 3611 contaminata
942 3547 983 3612 ad
1027 3551 1149 3611 textum
1188 3547 1447 3612 constituendum
1490 3549 1587 3615 ullius

276 3653 329 3710 est
362 3645 530 3724 momenti,
571 3665 644 3708 cum
685 3643 811 3708 codices
847 3641 1046 3730 archetypos,
1083 3665 1123 3709 ex
1161 3645 1278 3730 quibus
1311 3645 1468 3710 memoria
1506 3647 1587 3712 haec

277 3743 460 3808 adulterata
483 3743 641 3828 originem
665 3741 765 3822 duxit,
789 3741 851 3831 ipsi
872 3741 1022 3808 manibus
1046 3749 1223 3808 teneamus.
1259 3741 1367 3814 Quare
1390 3765 1445 3808 eos
1461 3749 1587 3810 tautum

277 3840 407 3922 codices
440 3841 620 3906 accuratius
647 3845 830 3921 tractemus,
866 3840 921 3925 qui
953 3839 1058 3905 fontes
1080 3840 1153 3925 plus
1175 3840 1282 3904 minue
1313 3841 1387 3926 puri
1413 3843 1588 3908 verborum

279 3937 535 4002 Aeschineorum
559 3938 657 4003 nobis¹
675 3937 790 4002 fluunt.

370 4034 477 4120 Atque
501 4036 607 4120 prima
637 4036 757 4118 classis,
789 4056 872 4121 quae
900 4041 989 4101 tanto
1018 4041 1171 4121 praestat,
1206 4040 1242 4099 ut
1272 4036 1453 4122 ubicunque
1483 4041 1587 4101 exstat

278 4153 338 4219 pro
362 4131 571 4197 fundamento
594 4134 791 4198 recensionis
814 4133 960 4198 adhiberi
982 4134 1093 4218 possit,
1117 4154 1181 4197 uno
1197 4140 1458 4219 repraesentatur
1476 4134 1587 4199 codice

280 4230 456 4296 Harleiano
481 4229 568 4295 5610
590 4260 627 4280 =
649 4229 692 4312 H,
721 4252 760 4296 ex
783 4252 846 4317 quo
871 4231 986 4317 reliqui
1009 4231 1104 4295 huius
1127 4231 1270 4296 familiae
1294 4232 1420 4298 codices
1435 4230 1588 4317 descripti

280 4329 334 4394 vel
368 4320 505 4394 derivati
536 4333 621 4393 sunt.
667 4326 820 4394 Continet
842 4335 950 4393 autem
978 4329 1139 4394 delectum
1167 4335 1319 4414 quattuor
1344 4329 1439 4394 modo
1468 4327 1588 4414 episto-

279 4427 386 4494 larum
410 4424 449 4509 (l.
474 4423 531 4491 VI.
553 4424 626 4491 VII.
650 4424 735 4507 III),
761 4427 865 4512 qualis
888 4428 921 4491 in
945 4427 1157 4512 epistolarum
1180 4427 1401 4492 collectionem
1424 4426 1589 4511 quandam

278 4519 422 4610 antiquis
454 4524 653 4610 temporibus
684 4525 807 4588 iactam
839 4531 988 4610 receptus
1016 4531 1094 4590 erat.
1142 4523 1485 4611 Epistolographorum
1508 4543 1587 4608 orgo

281 4623 471 4704 memoriam
505 4622 589 4687 hanc
623 4621 836 4710 appellemus,
873 4643 945 4688 cum
980 4623 1140 4710 integram
1175 4623 1345 4690 duodecim
1379 4621 1589 4708 epistolarum
