3614 5318
734 499 888 555 Aeschinis
908 513 982 568 quae
1000 499 1134 554 femntur
1152 498 1300 568 epistolae.

910 732 1034 818 Caput
1056 732 1124 796 III.

748 855 806 924 De
830 854 1014 924 codicum
1037 853 1281 924 auctoritate.

454 985 630 1070 Postquam
647 982 795 1048 omnibus
819 983 875 1067 qni
889 983 1099 1048 innotuerunt
1121 981 1284 1046 codicibus
1306 985 1508 1067 pertractatis
1524 987 1685 1050 enuclea-

364 1085 481 1164 vimus,
517 1088 669 1168 quattuor
699 1081 758 1145 hos
794 1080 995 1145 solummodo
1028 1080 1154 1144 codices
1186 1079 1233 1158 H3
1265 1077 1301 1160 O,
1329 1080 1358 1144 A
1387 1077 1457 1161 (Pl,
1488 1079 1517 1144 V
1546 1081 1605 1162 (B)
1639 1083 1683 1148 ad

367 1186 489 1246 textum
521 1179 781 1244 constituendum
814 1178 936 1262 aliquid
964 1177 1083 1260 valere,
1116 1178 1336 1262 quaestionem
1369 1178 1434 1241 iam
1466 1178 1683 1244 instituamus

366 1299 497 1344 necesse
525 1283 583 1358 est,
612 1297 695 1361 quae
722 1277 763 1340 sit
791 1275 938 1340 codicum
964 1275 1080 1340 horum
1108 1275 1191 1339 inter
1219 1295 1253 1338 se
1281 1276 1430 1359 cognatio
1461 1282 1492 1339 et
1514 1277 1611 1361 ratio,
1645 1284 1683 1343 ut

366 1377 512 1442 codicum
529 1374 718 1440 auctoritate
730 1378 898 1459 perspecta
914 1373 1052 1437 solidum
1066 1373 1099 1436 in
1116 1371 1261 1457 epistolis
1276 1371 1408 1436 edendis
1424 1373 1682 1440 fundamentum

366 1481 537 1539 struamus.
584 1472 632 1536 Ac
665 1470 730 1535 iam
762 1491 860 1555 supra
891 1470 968 1548 dixi,
1001 1470 1144 1535 codicem
1174 1469 1209 1533 H
1241 1470 1584 1555 epistolographorum,
1620 1475 1682 1559 qui
1762 1479 1763 1500 ³

366 1572 516 1657 epistolas
532 1570 558 1634 I.
575 1569 631 1634 VI.
648 1569 722 1633 VH.
739 1567 799 1634 HI.
817 1569 900 1633 solas
917 1568 1066 1649 servavit,
1090 1569 1205 1632 ceteris
1221 1567 1384 1634 codicibus
1401 1568 1600 1652 Aeschineis,
1620 1575 1682 1657 qui

367 1691 407 1734 ex
429 1691 494 1733 uno
523 1668 694 1753 archetypo
720 1666 914 1747 ductisunt,
944 1666 1040 1750 longe
1063 1665 1266 1730 antecellere.
1314 1664 1407 1737 Quod
1435 1673 1524 1732 certa
1546 1671 1680 1735 ratione

366 1766 580 1832 demonstrari
607 1786 673 1828 non
700 1765 814 1849 potuit,
847 1764 949 1828 donec
978 1764 1131 1828 lectiones
1159 1763 1279 1827 codicis
1305 1763 1339 1826 H
1367 1765 1495 1847 penitus
1523 1768 1680 1851 cognitae

366 1869 482 1929 essent.
517 1863 630 1947 Neque
654 1867 762 1926 tamen
785 1862 838 1926 hic
860 1863 943 1926 liber
965 1882 985 1925 a
1004 1861 1163 1947 prioribus
1187 1860 1362 1925 editoribus
1385 1862 1482 1945 plane
1505 1865 1679 1948 neglectus

365 1968 428 2027 est:
452 1962 577 2026 namin
600 1961 739 2025 editione
755 1960 899 2046 principe
916 1957 1063 2041 (Aldina)
1087 1958 1241 2022 lectiones
1258 1959 1417 2042 quaedam
1433 1981 1473 2023 ex
1495 1961 1577 2026 libro
1595 1985 1679 2028 con-

365 2060 532 2140 taminato,
565 2081 585 2123 a
611 2057 745 2122 Reiskio
777 2058 886 2142 plnres
918 2078 958 2120 ex
980 2056 1109 2141 Taylori
1142 2054 1313 2119 collatione
1345 2057 1464 2120 codicis
1492 2057 1525 2121 H
1552 2056 1613 2139 (=
1631 2060 1677 2140 A)

365 2162 514 2241 receptae
537 2162 622 2236 sunt,
646 2155 790 2220 Blassius
814 2160 923 2219 autem
945 2155 978 2218 in
1003 2159 1093 2218 textu
1116 2156 1312 2219 recensendo
1337 2157 1561 2220 auctoritatem
1585 2158 1677 2222 illius

365 2255 483 2320 codicis
499 2255 628 2339 saepius
643 2259 771 2317 secutus
787 2257 845 2332 est,
873 2252 949 2315 licet
964 2252 1149 2315 coniectura
1163 2253 1269 2336 potius
1292 2274 1388 2337 quam
1406 2254 1530 2318 ratione
1546 2254 1675 2319 ductus.

454 2353 521 2417 Nos
538 2358 573 2416 ut
593 2350 750 2414 iudicium
772 2347 817 2414 da
832 2346 966 2414 audlals
981 2345 1015 2412 Η
1035 2347 1255 2431 praestantia
1270 2351 1506 2432 confirmemus,
1530 2351 1676 2436 primum

364 2471 418 2514 eos
441 2450 529 2514 locos
551 2448 771 2534 inspiciamus,
795 2445 911 2531 quibus
935 2447 1143 2530 epistolarum
1164 2447 1191 2510 I.
1207 2446 1268 2510 III.
1286 2446 1342 2511 VI.
1359 2447 1433 2511 VII.
1458 2451 1615 2514 memoria
1640 2452 1676 2515 in

366 2547 530 2611 codicibus
561 2543 649 2609 OAV
681 2541 739 2627 (=
759 2543 793 2626 α)
824 2544 1000 2628 depravata
1029 2565 1069 2608 ex
1098 2544 1167 2608 cod.
1200 2544 1233 2608 H
1263 2546 1440 2609 certissime
1470 2547 1674 2612 emendatur.

364 2645 472 2728 Atque
498 2643 532 2707 in
561 2642 697 2728 epistola
718 2641 756 2720 Ι.,
787 2662 870 2727 qnae
898 2643 1065 2706 materiem
1093 2643 1323 2726 amplissimam
1351 2645 1493 2727 praebet,
1523 2645 1675 2710 conferas

365 2762 486 2826 quaeso
514 2742 609 2805 haee:
638 2739 657 2820 β
681 2743 695 2803 1
723 2740 865 2825 σκείρωνι
894 2741 1019 2824 scripsi:
1051 2761 1090 2804 ex
1117 2739 1247 2825 σκὲρωνι
1272 2740 1305 2804 Η
1326 2745 1371 2816 >
1393 2739 1520 2826 σκίρωνι
1542 2742 1601 2807 AV
1628 2770 1674 2798 =

364 2840 508 2926 σκίρρωνι
532 2837 568 2904 Ο.
614 2838 942 2923 Interpretamentum
971 2838 1115 2902 additum
1144 2845 1192 2902 est
1218 2837 1304 2902 inA
1333 2847 1378 2903 τῶ
1401 2839 1536 2925 ἀργέσιη
1566 2840 1674 2924 ἀνέμου

364 2939 452 3018 (vide
481 2939 586 3004 Strab.
609 2939 627 3002 I
647 2941 700 3018 29,
729 2937 778 3001 IX
799 2937 875 3017 391,
906 2937 1016 3021 Steph.
1040 2937 1128 3022 Hya,
1155 2936 1308 3021 Hesych.,
1332 2936 1437 3022 Etym.
1462 2937 1504 3001 M.
1531 2939 1605 3018 717,
1629 2939 1672 3002 25

364 3035 451 3119 eto),
482 3037 569 3122 quod
595 3039 630 3101 in
660 3034 745 3117 Off)
776 3041 962 3118 corruptum
994 3041 1043 3098 est
1071 3036 1104 3098 in
1133 3043 1178 3099 τῶ
1208 3034 1343 3119 ἐργάστρ
1374 3034 1487 3119 ἀνέμυ.
1534 3035 1674 3100 Addita-

364 3142 510 3201 mentum
543 3137 578 3199 in
606 3134 637 3199 V
665 3157 684 3198 a
719 3156 799 3198 corr.
829 3135 848 3196 2
888 3134 1069 3219 profectum
1101 3142 1146 3197 τῶ
1180 3135 1233 3196 καὶ
1267 3131 1372 3216 ἰάπυγι
1407 3153 1472 3197 non
1506 3153 1592 3196 curo.
1628 3167 1671 3178 -

364 3236 517 3319 κορησσύν
545 3238 632 3296 recte
659 3233 693 3296 in
717 3231 819 3314 Hffl),
851 3232 924 3295 vide
952 3229 1131 3315 acpqo(o)la
1159 3230 1245 3314 apud
1273 3231 1379 3294 Strab.
1407 3231 1439 3293 X
1455 3231 1530 3312 486,
1560 3231 1672 3315 Steph.

364 3329 451 3414 Byr,
489 3329 591 3409 said,
627 3329 711 3393 Plin.
749 3328 822 3392 Nat.
861 3327 946 3393 Hist.
974 3327 1020 3391 IV
1051 3330 1101 3390 12.
1131 3327 1188 3390 20:
1225 3329 1259 3391 in
1290 3326 1347 3392 uA
1382 3331 1542 3415 κορεοσύν,
1578 3329 1612 3391 in
1640 3328 1673 3392 V

364 3428 499 3512 adpaoov
516 3432 629 3491 exstat.
647 3463 687 3470 —
705 3429 813 3502 σκαιὸς
827 3429 887 3511 γὰρ
906 3423 944 3510 ἦν
968 3426 985 3489 ὁ
1001 3428 1111 3509 ἄνεμος
1126 3424 1155 3489 Η
1178 3423 1235 3506 (cf.
1251 3426 1397 3490 Aeneam
1413 3424 1490 3490 Gan.
1515 3425 1555 3488 de
1571 3426 1672 3489 anim.

365 3527 517 3606 immort,
545 3523 646 3602 init.):
674 3526 727 3588 aul
750 3526 810 3608 γὰρ
832 3521 870 3608 ἦν
894 3526 1005 3606 ἄνεμος
1027 3523 1161 3599 ἐναντίος
1184 3542 1214 3603 a,
1242 3523 1299 3586 ubi
1320 3526 1374 3587 καὶ
1402 3545 1442 3586 ex
1464 3525 1572 3600 σκαιὸς
1600 3544 1673 3587 cor-

364 3629 494 3709 ruptum
519 3629 551 3686 et
572 3620 717 3704 ἐναντίος,
741 3627 777 3685 ut
792 3641 905 3685 sensus
928 3621 1124 3700 restituatur,
1147 3626 1260 3704 postea
1276 3621 1418 3685 additum
1443 3626 1500 3684 est.
1520 3655 1560 3665 -
1578 3620 1673 3686 πάλιν

364 3742 404 3785 ex
426 3721 460 3784 H
482 3719 702 3804 recipiendum
733 3725 812 3800 erat,
845 3741 918 3782 cum
946 3717 1012 3783 εἶτα
1035 3717 1165 3804 ἑσπέρας
1188 3720 1298 3784 πάλιν
1329 3719 1475 3794 λύσαντες
1508 3717 1549 3782 ad
1581 3719 1672 3803 prius

365 3818 577 3895 λύσαντες...
601 3817 732 3902 ἑσπέρας
756 3816 962 3880 referendum
985 3817 1034 3879 sit.
1049 3815 1159 3896 -§2
1182 3814 1391 3882 ἐπεύθοντοΗ
1415 3816 1460 3894 (et
1483 3837 1523 3879 ex
1546 3816 1672 3880 coniec-

364 3922 437 3979 tura
452 3917 517 3980 iam
529 3914 638 3993 Wolf,
655 3914 694 3978 cl.
707 3914 741 3977 X
753 3909 809 3998 8s9
823 3920 855 3978 et
866 3913 1001 3978 verbum
1018 3935 1046 3997 q.
1065 3935 1152 3998 sequ.
1166 3913 1413 3998 ύπελούμβανον);
1429 3913 1584 3978 ἐπύθοντο
1601 3911 1670 3993 OA,

364 4012 504 4077 ἐτίθεντο
520 4012 550 4075 V
566 4009 773 4094 (iotacismo).
788 4047 829 4056 —
845 4011 1030 4097 προσβαλεῖν
1045 4010 1085 4090 Η,
1101 4011 1141 4074 af.
1158 4010 1396 4096 συμβεβηιιέναιι
1412 4009 1617 4095 προσβάλλειν
1638 4030 1669 4075 ο.

365 4146 407 4156 -
436 4109 497 4190 §3
528 4119 639 4196 χρῶμα
667 4110 807 4175 ποικίλον
836 4107 1013 4194 ἀνθρώπων
1042 4107 1081 4191 Η,
1111 4108 1196 4192 qnod
1227 4107 1380 4171 Reiskins
1411 4107 1563 4192 loquendi
1593 4128 1671 4172 con·

364 4207 568 4272 suetudinem
580 4212 708 4271 secutus
718 4207 895 4271 rectissime
907 4207 1117 4270 commutavit
1126 4226 1199 4269 cum
1209 4215 1316 4290 χρῆμα
1326 4203 1467 4270 ποικίλον
1477 4201 1669 4290 ἀνθρύσωνι

364 4305 523 4382 ποικίλους
550 4304 736 4390 ἀνθρώπους
759 4305 792 4368 in
816 4323 846 4385 u,
878 4309 988 4388 aperte
1012 4309 1192 4367 correctum
1220 4324 1237 4366 e
1261 4303 1398 4367 lectione
1425 4302 1604 4388 paullulum
1629 4301 1669 4366 ab

365 4423 425 4466 usu
448 4403 584 4466 solemni
611 4409 743 4466 remota.
794 4401 833 4465 In
861 4400 894 4464 H
917 4407 1023 4465 autem
1047 4409 1158 4487 χρῶμα
1185 4420 1242 4484 pro
1266 4411 1370 4486 χρῆμα
1394 4421 1433 4463 ex
1457 4400 1564 4463 verbis
1588 4422 1617 4483 q.
1643 4422 1668 4464 s.

365 4500 450 4563 εἰτὸ
474 4508 585 4584 χρῶμα
608 4501 674 4585 ἔχοι
702 4500 824 4563 illatum
851 4505 908 4563 est.
933 4535 976 4543 -
1000 4501 1109 4575 νυκτὸς
1132 4499 1176 4561 ἔτι
1201 4498 1366 4581 φεύγοντες
1389 4497 1477 4562 H=
1496 4496 1585 4582 „ipsa
1608 4497 1668 4561 hac

363 4597 477 4661 nocte“
508 4624 551 4654 =
582 4600 704 4683 „prima
732 4618 816 4682 quae
847 4598 932 4661 hunc
960 4597 1046 4660 diem
1074 4600 1184 4660 secuta
1211 4601 1260 4659 est
1291 4595 1404 4660 nocte“
1436 4595 1594 4679 exquisita
1621 4600 1669 4658 est

363 4693 458 4760 lectio
485 4718 544 4781 pro
567 4695 677 4776 νυκτός
699 4717 734 4762 τε
755 4696 971 4780 ἐπιφεύγοντες
995 4693 1062 4776 ΟΛ,
1085 4697 1194 4770 νυκτὸς
1217 4693 1446 4778 ἀποφεύγοντες
1468 4692 1513 4771 V;
1543 4692 1668 4777 ἐπιφεύ-
