<?xml version="1.0" encoding="UTF-8"?>
<!DOCTYPE html PUBLIC "-//W3C//DTD XHTML 1.0 Transitional//EN"
    "http://www.w3.org/TR/xhtml1/DTD/xhtml1-transitional.dtd">
<html xmlns="http://www.w3.org/1999/xhtml" xml:lang="en" lang="en">
 <head>
  <title>
</title>
<meta http-equiv="Content-Type" content="text/html;charset=utf-8" />
  <meta name='ocr-system' content='tesseract 3.04.00' />
  <meta name='ocr-capabilities' content='ocr_page ocr_carea ocr_par ocr_line ocrx_word'/>
</head>
<body>
  <div class='ocr_page' id='page_1' title='image "./quaeferunturepi00drergoog_0076.png"; bbox 0 0 3614 5318; ppageno 0'>
   <div class='ocr_carea' id='block_1_1' title="bbox 724 527 1505 590">
    <p class='ocr_par' dir='ltr' id='par_1_1' title="bbox 724 527 1505 590">
     <span class='ocr_line' id='line_1_1' title="bbox 724 527 1505 590; baseline 0.001 -13"><span class='ocrx_word' id='word_1_1' title='bbox 724 527 986 580; x_wconf 72' lang='grc' dir='ltr'>ωιτιυτυλει.</span> <span class='ocrx_word' id='word_1_2' title='bbox 1466 530 1505 590; x_wconf 82' lang='lat'>67</span> 
     </span>
    </p>
   </div>
   <div class='ocr_carea' id='block_1_2' title="bbox 152 722 1546 2865">
    <p class='ocr_par' dir='ltr' id='par_1_2' title="bbox 152 722 1546 2865">
     <span class='ocr_line' id='line_1_2' title="bbox 198 722 1546 812; baseline 0.002 -22"><span class='ocrx_word' id='word_1_3' title='bbox 198 727 258 812; x_wconf 89' lang='grc' dir='ltr'>γόιρ</span> <span class='ocrx_word' id='word_1_4' title='bbox 283 727 397 792; x_wconf 82' lang='grc' dir='ltr'>εἰδέναι</span> <span class='ocrx_word' id='word_1_5' title='bbox 419 726 492 812; x_wconf 91' lang='grc' dir='ltr'>χρή,</span> <span class='ocrx_word' id='word_1_6' title='bbox 516 726 561 790; x_wconf 86' lang='grc' dir='ltr'>ότι</span> <span class='ocrx_word' id='word_1_7' title='bbox 588 735 649 791; x_wconf 85' lang='grc' dir='ltr'>τῶν</span> <span class='ocrx_word' id='word_1_8' title='bbox 672 724 918 810; x_wconf 69' lang='grc' dir='ltr'>πολιτευομένων</span> <span class='ocrx_word' id='word_1_9' title='bbox 945 725 973 788; x_wconf 83' lang='grc' dir='ltr'>οἱ</span> <span class='ocrx_word' id='word_1_10' title='bbox 998 724 1118 810; x_wconf 80' lang='grc' dir='ltr'>μᾶλλον</span> <span class='ocrx_word' id='word_1_11' title='bbox 1147 722 1347 808; x_wconf 76' lang='grc' dir='ltr'>ἐπιπλήττειν</span> <span class='ocrx_word' id='word_1_12' title='bbox 1374 724 1396 807; x_wconf 88' lang='grc' dir='ltr'>ή</span> <span class='ocrx_word' id='word_1_13' title='bbox 1421 723 1509 810; x_wconf 89' lang='grc' dir='ltr'>χαρί·</span> <span class='ocrx_word' id='word_1_14' title='bbox 1529 741 1546 793; x_wconf 89' lang='grc'>4</span> 
     </span>
     <span class='ocr_line' id='line_1_3' title="bbox 197 821 1510 908; baseline -0.002 -19"><span class='ocrx_word' id='word_1_15' title='bbox 197 826 312 904; x_wconf 82' lang='grc' dir='ltr'>ζεσθαι</span> <span class='ocrx_word' id='word_1_16' title='bbox 336 823 486 900; x_wconf 87' lang='grc' dir='ltr'>θέλοντες</span> <span class='ocrx_word' id='word_1_17' title='bbox 513 825 584 908; x_wconf 86' lang='grc' dir='ltr'>ύμῖν</span> <span class='ocrx_word' id='word_1_18' title='bbox 613 825 726 906; x_wconf 81' lang='grc' dir='ltr'><strong>δοκεῖν,</strong></span> <span class='ocrx_word' id='word_1_19' title='bbox 756 821 841 888; x_wconf 86' lang='grc' dir='ltr'>σύτοι</span> <span class='ocrx_word' id='word_1_20' title='bbox 869 826 923 887; x_wconf 87' lang='grc' dir='ltr'>καί</span> <span class='ocrx_word' id='word_1_21' title='bbox 955 822 1089 906; x_wconf 89' lang='grc' dir='ltr'>μάλιστα</span> <span class='ocrx_word' id='word_1_22' title='bbox 1116 824 1192 908; x_wconf 84' lang='grc' dir='ltr'>πρὸς</span> <span class='ocrx_word' id='word_1_23' title='bbox 1219 822 1338 907; x_wconf 89' lang='grc' dir='ltr'>ήδονήν</span> <span class='ocrx_word' id='word_1_24' title='bbox 1372 821 1510 905; x_wconf 88' lang='grc' dir='ltr'>λέγουσι,</span> 
     </span>
     <span class='ocr_line' id='line_1_4' title="bbox 196 920 1510 1008; baseline -0.004 -20"><span class='ocrx_word' id='word_1_25' title='bbox 196 925 251 1008; x_wconf 84' lang='grc' dir='ltr'>τήν</span> <span class='ocrx_word' id='word_1_26' title='bbox 274 924 335 988; x_wconf 87' lang='grc' dir='ltr'>ύπδ</span> <span class='ocrx_word' id='word_1_27' title='bbox 358 921 556 1008; x_wconf 79' lang='grc' dir='ltr'>προσχήματι</span> <span class='ocrx_word' id='word_1_28' title='bbox 583 921 759 1006; x_wconf 77' lang='grc' dir='ltr'>παρρησίας</span> <span class='ocrx_word' id='word_1_29' title='bbox 787 921 860 985; x_wconf 86' lang='grc' dir='ltr'>όδδν</span> <span class='ocrx_word' id='word_1_30' title='bbox 887 930 944 985; x_wconf 85' lang='grc' dir='ltr'>τοῦ</span> <span class='ocrx_word' id='word_1_31' title='bbox 971 920 1156 985; x_wconf 80' lang='grc' dir='ltr'>κολακεύειν</span> <span class='ocrx_word' id='word_1_32' title='bbox 1184 920 1339 1004; x_wconf 83' lang='grc' dir='ltr'>ἑλόμενοι·</span> <span class='ocrx_word' id='word_1_33' title='bbox 1368 922 1424 984; x_wconf 93' lang='grc' dir='ltr'>καί</span> <span class='ocrx_word' id='word_1_34' title='bbox 1450 922 1510 1004; x_wconf 85' lang='grc' dir='ltr'>γάρ</span> 
     </span>
     <span class='ocr_line' id='line_1_5' title="bbox 197 1016 1510 1106; baseline -0.001 -24"><span class='ocrx_word' id='word_1_35' title='bbox 197 1022 278 1103; x_wconf 90' lang='grc' dir='ltr'>αύτη</span> <span class='ocrx_word' id='word_1_36' title='bbox 295 1019 340 1096; x_wconf 91' lang='grc' dir='ltr'>τίς</span> <span class='ocrx_word' id='word_1_37' title='bbox 355 1019 421 1083; x_wconf 90' lang='grc' dir='ltr'>ἐστι</span> <span class='ocrx_word' id='word_1_38' title='bbox 435 1027 492 1084; x_wconf 84' lang='grc' dir='ltr'>τού</span> <span class='ocrx_word' id='word_1_39' title='bbox 512 1019 704 1106; x_wconf 83' lang='grc' dir='ltr'>χαρίζεσθαι</span> <span class='ocrx_word' id='word_1_40' title='bbox 724 1018 863 1096; x_wconf 81' lang='grc' dir='ltr'>πολίταις</span> <span class='ocrx_word' id='word_1_41' title='bbox 883 1020 939 1082; x_wconf 85' lang='grc' dir='ltr'>καί</span> <span class='ocrx_word' id='word_1_42' title='bbox 957 1017 1107 1104; x_wconf 73' lang='grc' dir='ltr'>ἡγεμόσιν</span> <span class='ocrx_word' id='word_1_43' title='bbox 1128 1018 1149 1101; x_wconf 90' lang='grc' dir='ltr'>ή</span> <span class='ocrx_word' id='word_1_44' title='bbox 1170 1016 1251 1083; x_wconf 91' lang='grc' dir='ltr'>πολύ</span> <span class='ocrx_word' id='word_1_45' title='bbox 1271 1016 1510 1102; x_wconf 88' lang='grc' dir='ltr'>κακουργοτέρα</span> 
     </span>
     <span class='ocr_line' id='line_1_6' title="bbox 168 1112 1509 1202; baseline 0.004 -28"><span class='ocrx_word' id='word_1_46' title='bbox 168 1117 386 1202; x_wconf 78' lang='grc' dir='ltr'>σπροαίρεσις·</span> <span class='ocrx_word' id='word_1_47' title='bbox 410 1117 450 1200; x_wconf 86' lang='grc' dir='ltr'>ήν</span> <span class='ocrx_word' id='word_1_48' title='bbox 474 1116 648 1202; x_wconf 84' lang='grc' dir='ltr'>βαδίζοντές</span> <span class='ocrx_word' id='word_1_49' title='bbox 670 1138 748 1192; x_wconf 89' lang='grc' dir='ltr'>τινες</span> <span class='ocrx_word' id='word_1_50' title='bbox 777 1112 935 1201; x_wconf 85' lang='grc' dir='ltr'>Ἀθήνησι</span> <span class='ocrx_word' id='word_1_51' title='bbox 958 1118 1015 1180; x_wconf 91' lang='grc' dir='ltr'>καί</span> <span class='ocrx_word' id='word_1_52' title='bbox 1043 1115 1200 1201; x_wconf 81' lang='grc' dir='ltr'>περιόντος</span> <span class='ocrx_word' id='word_1_53' title='bbox 1227 1116 1302 1201; x_wconf 80' lang='grc' dir='ltr'>ἐμοῦ</span> <span class='ocrx_word' id='word_1_54' title='bbox 1330 1113 1405 1200; x_wconf 87' lang='grc' dir='ltr'>παρ’</span> <span class='ocrx_word' id='word_1_55' title='bbox 1430 1116 1509 1201; x_wconf 87' lang='grc' dir='ltr'>ύμῖν,</span> 
     </span>
     <span class='ocr_line' id='line_1_7' title="bbox 197 1211 1511 1305; baseline 0 -28"><span class='ocrx_word' id='word_1_56' title='bbox 197 1218 280 1279; x_wconf 89' lang='grc' dir='ltr'>ούτω</span> <span class='ocrx_word' id='word_1_57' title='bbox 302 1211 363 1299; x_wconf 88' lang='grc' dir='ltr'>γάρ</span> <span class='ocrx_word' id='word_1_58' title='bbox 386 1235 424 1299; x_wconf 91' lang='grc' dir='ltr'>με</span> <span class='ocrx_word' id='word_1_59' title='bbox 452 1215 516 1305; x_wconf 86' lang='grc' dir='ltr'>χρή</span> <span class='ocrx_word' id='word_1_60' title='bbox 545 1214 657 1298; x_wconf 87' lang='grc' dir='ltr'>λέγειν,</span> <span class='ocrx_word' id='word_1_61' title='bbox 680 1217 734 1278; x_wconf 91' lang='grc' dir='ltr'>καί</span> <span class='ocrx_word' id='word_1_62' title='bbox 758 1224 822 1296; x_wconf 83' lang='grc' dir='ltr'>νύν,</span> <span class='ocrx_word' id='word_1_63' title='bbox 850 1216 923 1278; x_wconf 90' lang='grc' dir='ltr'>όσον</span> <span class='ocrx_word' id='word_1_64' title='bbox 951 1211 1000 1299; x_wconf 82' lang='grc' dir='ltr'>ἐφ’</span> <span class='ocrx_word' id='word_1_65' title='bbox 1032 1215 1114 1299; x_wconf 84' lang='grc' dir='ltr'>ύμῖν,</span> <span class='ocrx_word' id='word_1_66' title='bbox 1143 1213 1326 1294; x_wconf 85' lang='grc' dir='ltr'>τεθνεῶτος,</span> <span class='ocrx_word' id='word_1_67' title='bbox 1354 1215 1511 1278; x_wconf 80' lang='grc' dir='ltr'>αἰτιῶνται</span> 
     </span>
     <span class='ocr_line' id='line_1_8' title="bbox 198 1303 1510 1398; baseline -0.003 -22"><span class='ocrx_word' id='word_1_68' title='bbox 198 1313 253 1396; x_wconf 86' lang='grc' dir='ltr'>μὲν</span> <span class='ocrx_word' id='word_1_69' title='bbox 275 1313 361 1394; x_wconf 85' lang='grc' dir='ltr'>ὑμῶν</span> <span class='ocrx_word' id='word_1_70' title='bbox 383 1312 442 1395; x_wconf 89' lang='grc' dir='ltr'>τήν</span> <span class='ocrx_word' id='word_1_71' title='bbox 465 1312 643 1398; x_wconf 73' lang='grc' dir='ltr'>ὀλιγωρίαν,</span> <span class='ocrx_word' id='word_1_72' title='bbox 667 1312 709 1390; x_wconf 86' lang='grc' dir='ltr'>ὡς</span> <span class='ocrx_word' id='word_1_73' title='bbox 733 1314 793 1376; x_wconf 90' lang='grc' dir='ltr'>ούκ</span> <span class='ocrx_word' id='word_1_74' title='bbox 817 1311 993 1378; x_wconf 90' lang='grc' dir='ltr'>ἐθελόντων</span> <span class='ocrx_word' id='word_1_75' title='bbox 1023 1315 1132 1397; x_wconf 88' lang='grc' dir='ltr'>άρχειν</span> <span class='ocrx_word' id='word_1_76' title='bbox 1158 1320 1216 1395; x_wconf 84' lang='grc' dir='ltr'>τῆς</span> <span class='ocrx_word' id='word_1_77' title='bbox 1242 1303 1406 1392; x_wconf 82' lang='grc' dir='ltr'>Ἑλλάδος,</span> <span class='ocrx_word' id='word_1_78' title='bbox 1433 1330 1510 1395; x_wconf 91' lang='grc' dir='ltr'>προ-</span> 
     </span>
     <span class='ocr_line' id='line_1_9' title="bbox 197 1408 1545 1496; baseline -0.001 -26"><span class='ocrx_word' id='word_1_79' title='bbox 197 1408 359 1492; x_wconf 90' lang='grc' dir='ltr'>τρέπονται</span> <span class='ocrx_word' id='word_1_80' title='bbox 393 1410 427 1474; x_wconf 86' lang='grc' dir='ltr'>δέ</span> <span class='ocrx_word' id='word_1_81' title='bbox 459 1410 509 1476; x_wconf 83' lang='grc' dir='ltr'>ἐπί</span> <span class='ocrx_word' id='word_1_82' title='bbox 542 1413 598 1494; x_wconf 87' lang='grc' dir='ltr'>τήν</span> <span class='ocrx_word' id='word_1_83' title='bbox 630 1409 810 1496; x_wconf 81' lang='grc' dir='ltr'>ἡγεμονίαν,</span> <span class='ocrx_word' id='word_1_84' title='bbox 845 1409 887 1486; x_wconf 90' lang='grc' dir='ltr'>ώς</span> <span class='ocrx_word' id='word_1_85' title='bbox 920 1409 1118 1495; x_wconf 88' lang='grc' dir='ltr'>δυναμένους.</span> <span class='ocrx_word' id='word_1_86' title='bbox 1169 1408 1237 1494; x_wconf 88' lang='grc' dir='ltr'>ἐμοί</span> <span class='ocrx_word' id='word_1_87' title='bbox 1276 1410 1310 1474; x_wconf 88' lang='grc' dir='ltr'>δὲ</span> <span class='ocrx_word' id='word_1_88' title='bbox 1345 1411 1424 1492; x_wconf 88' lang='grc' dir='ltr'>μετὰ</span> <span class='ocrx_word' id='word_1_89' title='bbox 1454 1417 1545 1474; x_wconf 74' lang='grc' dir='ltr'>τοῠὸ</span> 
     </span>
     <span class='ocr_line' id='line_1_10' title="bbox 197 1501 1511 1594; baseline 0.002 -24"><span class='ocrx_word' id='word_1_90' title='bbox 197 1507 301 1571; x_wconf 84' lang='grc' dir='ltr'>δοκεῖν</span> <span class='ocrx_word' id='word_1_91' title='bbox 317 1508 406 1591; x_wconf 88' lang='grc' dir='ltr'>ἀργοί</span> <span class='ocrx_word' id='word_1_92' title='bbox 428 1505 600 1593; x_wconf 85' lang='grc' dir='ltr'>γεγονέναι,</span> <span class='ocrx_word' id='word_1_93' title='bbox 623 1507 780 1572; x_wconf 89' lang='grc' dir='ltr'>δύνασθαι</span> <span class='ocrx_word' id='word_1_94' title='bbox 802 1501 1041 1591; x_wconf 84' lang='grc' dir='ltr'>τῶνἙλλήνων</span> <span class='ocrx_word' id='word_1_95' title='bbox 1064 1512 1170 1594; x_wconf 84' lang='grc' dir='ltr'>ἄρχειν</span> <span class='ocrx_word' id='word_1_96' title='bbox 1192 1504 1379 1591; x_wconf 83' lang='grc' dir='ltr'>νομίζεσθαι</span> <span class='ocrx_word' id='word_1_97' title='bbox 1397 1505 1511 1572; x_wconf 88' lang='grc' dir='ltr'>θέλετε</span> 
     </span>
     <span class='ocr_line' id='line_1_11' title="bbox 158 1604 1509 1690; baseline 0.002 -25"><span class='ocrx_word' id='word_1_98' title='bbox 158 1628 183 1668; x_wconf 82' lang='grc' dir='ltr'>ιο</span> <span class='ocrx_word' id='word_1_99' title='bbox 199 1604 329 1688; x_wconf 81' lang='grc' dir='ltr'>μᾶλλον,</span> <span class='ocrx_word' id='word_1_100' title='bbox 352 1605 469 1690; x_wconf 82' lang='grc' dir='ltr'>ήμετόι</span> <span class='ocrx_word' id='word_1_101' title='bbox 492 1615 546 1670; x_wconf 80' lang='grc' dir='ltr'>τοῦ</span> <span class='ocrx_word' id='word_1_102' title='bbox 564 1604 664 1689; x_wconf 89' lang='grc' dir='ltr'>μένειν</span> <span class='ocrx_word' id='word_1_103' title='bbox 684 1605 770 1689; x_wconf 84' lang='grc' dir='ltr'>ὑμῶν</span> <span class='ocrx_word' id='word_1_104' title='bbox 790 1605 846 1680; x_wconf 82' lang='grc' dir='ltr'>τὰς</span> <span class='ocrx_word' id='word_1_105' title='bbox 865 1605 1053 1690; x_wconf 75' lang='grc' dir='ltr'>προθυμίας,</span> <span class='ocrx_word' id='word_1_106' title='bbox 1077 1606 1238 1670; x_wconf 88' lang='grc' dir='ltr'>ἐνδεῖσθαι</span> <span class='ocrx_word' id='word_1_107' title='bbox 1260 1613 1317 1689; x_wconf 84' lang='grc' dir='ltr'>τῆς</span> <span class='ocrx_word' id='word_1_108' title='bbox 1339 1605 1509 1688; x_wconf 88' lang='grc' dir='ltr'>δυνάμεως.</span> 
     </span>
     <span class='ocr_line' id='line_1_12' title="bbox 196 1697 1510 1788; baseline -0.001 -21"><span class='ocrx_word' id='word_1_109' title='bbox 196 1703 397 1788; x_wconf 86' lang='grc' dir='ltr'>πυνθάνομαι</span> <span class='ocrx_word' id='word_1_110' title='bbox 420 1706 480 1787; x_wconf 88' lang='grc' dir='ltr'>γὰρ</span> <span class='ocrx_word' id='word_1_111' title='bbox 500 1702 744 1786; x_wconf 87' lang='grc' dir='ltr'>τελευτήσαντος</span> <span class='ocrx_word' id='word_1_112' title='bbox 767 1697 976 1785; x_wconf 83' lang='grc' dir='ltr'>Ἀλεξάνδρου</span> <span class='ocrx_word' id='word_1_113' title='bbox 998 1703 1181 1788; x_wconf 79' lang='grc' dir='ltr'>προτρέπειν</span> <span class='ocrx_word' id='word_1_114' title='bbox 1204 1703 1288 1782; x_wconf 88' lang='grc' dir='ltr'>τινάς</span> <span class='ocrx_word' id='word_1_115' title='bbox 1304 1703 1383 1788; x_wconf 83' lang='grc' dir='ltr'>ὑμᾶς</span> <span class='ocrx_word' id='word_1_116' title='bbox 1406 1723 1510 1768; x_wconf 90' lang='grc' dir='ltr'>καινο-</span> 
     </span>
     <span class='ocr_line' id='line_1_13' title="bbox 195 1797 1510 1886; baseline 0.001 -22"><span class='ocrx_word' id='word_1_117' title='bbox 195 1800 292 1885; x_wconf 92' lang='grc' dir='ltr'>τέρων</span> <span class='ocrx_word' id='word_1_118' title='bbox 316 1802 475 1866; x_wconf 82' lang='grc' dir='ltr'>ἅπτεσθαι</span> <span class='ocrx_word' id='word_1_119' title='bbox 497 1799 703 1886; x_wconf 81' lang='grc' dir='ltr'>πραγμάτων·</span> <span class='ocrx_word' id='word_1_120' title='bbox 733 1801 796 1884; x_wconf 89' lang='grc' dir='ltr'>ἐγὼ</span> <span class='ocrx_word' id='word_1_121' title='bbox 830 1797 856 1864; x_wconf 90' lang='grc' dir='ltr'>δ’</span> <span class='ocrx_word' id='word_1_122' title='bbox 886 1799 1059 1885; x_wconf 83' lang='grc' dir='ltr'>ἐβουλόμην</span> <span class='ocrx_word' id='word_1_123' title='bbox 1093 1802 1131 1865; x_wconf 89' lang='grc' dir='ltr'>άν</span> <span class='ocrx_word' id='word_1_124' title='bbox 1157 1803 1256 1865; x_wconf 88' lang='grc' dir='ltr'>ταύτὰ</span> <span class='ocrx_word' id='word_1_125' title='bbox 1289 1800 1510 1886; x_wconf 84' lang='grc' dir='ltr'>συμβουλεύειν</span> 
     </span>
     <span class='ocr_line' id='line_1_14' title="bbox 196 1894 1545 1983; baseline 0 -21"><span class='ocrx_word' id='word_1_126' title='bbox 196 1900 277 1982; x_wconf 88' lang='grc' dir='ltr'>ύμῖν,</span> <span class='ocrx_word' id='word_1_127' title='bbox 302 1901 380 1982; x_wconf 87' lang='grc' dir='ltr'>μετὰ</span> <span class='ocrx_word' id='word_1_128' title='bbox 402 1908 457 1962; x_wconf 83' lang='grc' dir='ltr'>τού</span> <span class='ocrx_word' id='word_1_129' title='bbox 481 1908 579 1974; x_wconf 83' lang='grc' dir='ltr'>ταῦτα</span> <span class='ocrx_word' id='word_1_130' title='bbox 602 1898 779 1983; x_wconf 83' lang='grc' dir='ltr'>συμφέρειν.</span> <span class='ocrx_word' id='word_1_131' title='bbox 826 1899 862 1962; x_wconf 91' lang='grc' dir='ltr'>ού</span> <span class='ocrx_word' id='word_1_132' title='bbox 885 1900 947 1982; x_wconf 86' lang='grc' dir='ltr'>γὰρ</span> <span class='ocrx_word' id='word_1_133' title='bbox 967 1894 1112 1982; x_wconf 83' lang='grc' dir='ltr'>ἠγνόουν,</span> <span class='ocrx_word' id='word_1_134' title='bbox 1138 1901 1180 1982; x_wconf 86' lang='grc' dir='ltr'>μὰ</span> <span class='ocrx_word' id='word_1_135' title='bbox 1201 1898 1256 1963; x_wconf 82' lang='grc' dir='ltr'>τόν</span> <span class='ocrx_word' id='word_1_136' title='bbox 1279 1898 1338 1963; x_wconf 88' lang='grc' dir='ltr'>Δία</span> <span class='ocrx_word' id='word_1_137' title='bbox 1361 1900 1416 1962; x_wconf 86' lang='grc' dir='ltr'>καὶ</span> <span class='ocrx_word' id='word_1_138' title='bbox 1439 1901 1510 1975; x_wconf 89' lang='grc' dir='ltr'>τούς</span> <span class='ocrx_word' id='word_1_139' title='bbox 1529 1918 1545 1970; x_wconf 84' lang='grc'>6</span> 
     </span>
     <span class='ocr_line' id='line_1_15' title="bbox 198 1994 1511 2082; baseline 0.002 -24"><span class='ocrx_word' id='word_1_140' title='bbox 198 1995 314 2072; x_wconf 83' lang='grc' dir='ltr'>ἄλλους</span> <span class='ocrx_word' id='word_1_141' title='bbox 342 1995 447 2077; x_wconf 88' lang='grc' dir='ltr'>θεούς,</span> <span class='ocrx_word' id='word_1_142' title='bbox 475 1997 521 2062; x_wconf 88' lang='grc' dir='ltr'>ότι</span> <span class='ocrx_word' id='word_1_143' title='bbox 550 1995 692 2082; x_wconf 91' lang='grc' dir='ltr'>λαμπρόν</span> <span class='ocrx_word' id='word_1_144' title='bbox 720 1997 786 2061; x_wconf 85' lang='grc' dir='ltr'>ἐστι</span> <span class='ocrx_word' id='word_1_145' title='bbox 813 1994 850 2061; x_wconf 89' lang='grc' dir='ltr'>τδ</span> <span class='ocrx_word' id='word_1_146' title='bbox 877 2005 941 2070; x_wconf 85' lang='grc' dir='ltr'>τοῖς</span> <span class='ocrx_word' id='word_1_147' title='bbox 972 1997 1026 2080; x_wconf 86' lang='grc' dir='ltr'>μὲν</span> <span class='ocrx_word' id='word_1_148' title='bbox 1063 1995 1227 2081; x_wconf 82' lang='grc' dir='ltr'>βαρβάροις</span> <span class='ocrx_word' id='word_1_149' title='bbox 1254 1997 1411 2080; x_wconf 81' lang='grc' dir='ltr'>πολεμεῖν,</span> <span class='ocrx_word' id='word_1_150' title='bbox 1439 1999 1511 2074; x_wconf 89' lang='grc' dir='ltr'>τοὺς</span> 
     </span>
     <span class='ocr_line' id='line_1_16' title="bbox 157 2089 1509 2181; baseline 0.002 -26"><span class='ocrx_word' id='word_1_151' title='bbox 157 2100 182 2141; x_wconf 76' lang='lat'>15</span> <span class='ocrx_word' id='word_1_152' title='bbox 197 2090 225 2156; x_wconf 91' lang='grc' dir='ltr'>δ’</span> <span class='ocrx_word' id='word_1_153' title='bbox 250 2089 411 2177; x_wconf 84' lang='grc' dir='ltr'>Ἕλληνας</span> <span class='ocrx_word' id='word_1_154' title='bbox 439 2093 635 2180; x_wconf 80' lang='grc' dir='ltr'>ἐλευθεροῦν,</span> <span class='ocrx_word' id='word_1_155' title='bbox 664 2097 718 2159; x_wconf 92' lang='grc' dir='ltr'>καί</span> <span class='ocrx_word' id='word_1_156' title='bbox 740 2093 838 2158; x_wconf 85' lang='grc' dir='ltr'>ταῦτά</span> <span class='ocrx_word' id='word_1_157' title='bbox 860 2115 898 2179; x_wconf 94' lang='grc' dir='ltr'>γε</span> <span class='ocrx_word' id='word_1_158' title='bbox 924 2095 980 2158; x_wconf 90' lang='grc' dir='ltr'>καί</span> <span class='ocrx_word' id='word_1_159' title='bbox 1000 2095 1072 2170; x_wconf 90' lang='grc' dir='ltr'>τοὺς</span> <span class='ocrx_word' id='word_1_160' title='bbox 1099 2093 1238 2178; x_wconf 78' lang='grc' dir='ltr'>πατέρας</span> <span class='ocrx_word' id='word_1_161' title='bbox 1266 2094 1352 2178; x_wconf 83' lang='grc' dir='ltr'>ὑμῶν</span> <span class='ocrx_word' id='word_1_162' title='bbox 1379 2094 1509 2181; x_wconf 92' lang='grc' dir='ltr'>προελο-</span> 
     </span>
     <span class='ocr_line' id='line_1_17' title="bbox 197 2187 1510 2277; baseline 0.001 -22"><span class='ocrx_word' id='word_1_163' title='bbox 197 2190 319 2275; x_wconf 82' lang='grc' dir='ltr'>μένους·</span> <span class='ocrx_word' id='word_1_164' title='bbox 367 2187 437 2256; x_wconf 81' lang='grc' dir='ltr'>ἀλλ’</span> <span class='ocrx_word' id='word_1_165' title='bbox 470 2193 512 2273; x_wconf 85' lang='grc' dir='ltr'>είς</span> <span class='ocrx_word' id='word_1_166' title='bbox 546 2193 600 2276; x_wconf 86' lang='grc' dir='ltr'>μὲν</span> <span class='ocrx_word' id='word_1_167' title='bbox 631 2195 666 2257; x_wconf 86' lang='grc' dir='ltr'>τό</span> <span class='ocrx_word' id='word_1_168' title='bbox 699 2191 874 2277; x_wconf 89' lang='grc' dir='ltr'>βούλεσθαι</span> <span class='ocrx_word' id='word_1_169' title='bbox 905 2194 945 2255; x_wconf 85' lang='grc' dir='ltr'>τά</span> <span class='ocrx_word' id='word_1_170' title='bbox 978 2192 1133 2275; x_wconf 88' lang='grc' dir='ltr'>κράτιστα</span> <span class='ocrx_word' id='word_1_171' title='bbox 1165 2191 1223 2274; x_wconf 89' lang='grc' dir='ltr'>τήν</span> <span class='ocrx_word' id='word_1_172' title='bbox 1256 2189 1383 2276; x_wconf 80' lang='grc' dir='ltr'>γνώμην</span> <span class='ocrx_word' id='word_1_173' title='bbox 1413 2189 1510 2257; x_wconf 83' lang='grc' dir='ltr'>οὖσαν</span> 
     </span>
     <span class='ocr_line' id='line_1_18' title="bbox 196 2287 1540 2376; baseline 0.005 -24"><span class='ocrx_word' id='word_1_174' title='bbox 196 2287 314 2373; x_wconf 77' lang='grc' dir='ltr'>ἱκανήν,</span> <span class='ocrx_word' id='word_1_175' title='bbox 339 2290 382 2365; x_wconf 87' lang='grc' dir='ltr'>είς</span> <span class='ocrx_word' id='word_1_176' title='bbox 398 2289 432 2353; x_wconf 84' lang='grc' dir='ltr'>δὲ</span> <span class='ocrx_word' id='word_1_177' title='bbox 454 2292 489 2354; x_wconf 90' lang='grc' dir='ltr'>τό</span> <span class='ocrx_word' id='word_1_178' title='bbox 505 2289 663 2358; x_wconf 87' lang='grc' dir='ltr'>δύνασθαι</span> <span class='ocrx_word' id='word_1_179' title='bbox 679 2293 734 2354; x_wconf 85' lang='grc' dir='ltr'>καί</span> <span class='ocrx_word' id='word_1_180' title='bbox 756 2291 855 2376; x_wconf 86' lang='grc' dir='ltr'>τύχης</span> <span class='ocrx_word' id='word_1_181' title='bbox 871 2290 1001 2375; x_wconf 83' lang='grc' dir='ltr'>ἀγαθῆς</span> <span class='ocrx_word' id='word_1_182' title='bbox 1024 2290 1104 2374; x_wconf 81' lang='grc' dir='ltr'>ὑμᾶς</span> <span class='ocrx_word' id='word_1_183' title='bbox 1122 2287 1297 2374; x_wconf 77' lang='grc' dir='ltr'>δεομένους.</span> <span class='ocrx_word' id='word_1_184' title='bbox 1333 2288 1504 2374; x_wconf 82' lang='grc' dir='ltr'>προσήκειν</span> <span class='ocrx_word' id='word_1_185' title='bbox 1525 2308 1540 2360; x_wconf 81' lang='lat'>7</span> 
     </span>
     <span class='ocr_line' id='line_1_19' title="bbox 195 2383 1508 2474; baseline 0.002 -24"><span class='ocrx_word' id='word_1_186' title='bbox 195 2383 248 2451; x_wconf 85' lang='grc' dir='ltr'>οὖν</span> <span class='ocrx_word' id='word_1_187' title='bbox 273 2388 457 2471; x_wconf 82' lang='grc' dir='ltr'>μεμνῆσθαι</span> <span class='ocrx_word' id='word_1_188' title='bbox 480 2391 534 2454; x_wconf 83' lang='grc' dir='ltr'>καί</span> <span class='ocrx_word' id='word_1_189' title='bbox 558 2389 639 2474; x_wconf 83' lang='grc' dir='ltr'>ύμόίς</span> <span class='ocrx_word' id='word_1_190' title='bbox 662 2387 890 2473; x_wconf 82' lang='grc' dir='ltr'>ὑπελάμβανον,</span> <span class='ocrx_word' id='word_1_191' title='bbox 915 2389 961 2453; x_wconf 87' lang='grc' dir='ltr'>ότι</span> <span class='ocrx_word' id='word_1_192' title='bbox 982 2385 1167 2471; x_wconf 85' lang='grc' dir='ltr'>Ἀθηναίοις</span> <span class='ocrx_word' id='word_1_193' title='bbox 1192 2388 1247 2472; x_wconf 86' lang='grc' dir='ltr'>μὲν</span> <span class='ocrx_word' id='word_1_194' title='bbox 1275 2385 1508 2472; x_wconf 90' lang='grc' dir='ltr'>ἐπιστέλλομεν,</span> 
     </span>
     <span class='ocr_line' id='line_1_20' title="bbox 192 2479 1509 2571; baseline 0.001 -22"><span class='ocrx_word' id='word_1_195' title='bbox 192 2479 377 2568; x_wconf 81' lang='grc' dir='ltr'>Ἀθηναίοις</span> <span class='ocrx_word' id='word_1_196' title='bbox 405 2486 441 2550; x_wconf 88' lang='grc' dir='ltr'>δέ</span> <span class='ocrx_word' id='word_1_197' title='bbox 468 2487 526 2556; x_wconf 78' lang='grc' dir='ltr'>οὐκ</span> <span class='ocrx_word' id='word_1_198' title='bbox 554 2487 587 2550; x_wconf 91' lang='grc' dir='ltr'>ἐν</span> <span class='ocrx_word' id='word_1_199' title='bbox 621 2483 665 2562; x_wconf 85' lang='grc' dir='ltr'>οίς</span> <span class='ocrx_word' id='word_1_200' title='bbox 693 2482 913 2571; x_wconf 81' lang='grc' dir='ltr'>Θεμιστοκλῆς</span> <span class='ocrx_word' id='word_1_201' title='bbox 948 2483 1182 2567; x_wconf 86' lang='grc' dir='ltr'>ἐπολιτεύσατο,</span> <span class='ocrx_word' id='word_1_202' title='bbox 1215 2480 1287 2549; x_wconf 82' lang='grc' dir='ltr'>ἀλλ’</span> <span class='ocrx_word' id='word_1_203' title='bbox 1314 2485 1343 2548; x_wconf 86' lang='grc' dir='ltr'>οἳ</span> <span class='ocrx_word' id='word_1_204' title='bbox 1369 2488 1424 2563; x_wconf 82' lang='grc' dir='ltr'>τὰς</span> <span class='ocrx_word' id='word_1_205' title='bbox 1454 2487 1509 2571; x_wconf 91' lang='grc' dir='ltr'>μέν</span> 
     </span>
     <span class='ocr_line' id='line_1_21' title="bbox 152 2580 1511 2669; baseline 0.005 -27"><span class='ocrx_word' id='word_1_206' title='bbox 152 2598 180 2641; x_wconf 78' lang='grc' dir='ltr'>ιο</span> <span class='ocrx_word' id='word_1_207' title='bbox 207 2583 335 2668; x_wconf 86' lang='grc' dir='ltr'>γνώμας</span> <span class='ocrx_word' id='word_1_208' title='bbox 350 2580 373 2664; x_wconf 83' lang='lat'>†</span> <span class='ocrx_word' id='word_1_209' title='bbox 388 2586 444 2647; x_wconf 91' lang='grc' dir='ltr'>καί</span> <span class='ocrx_word' id='word_1_210' title='bbox 471 2583 527 2659; x_wconf 81' lang='grc' dir='ltr'>τάς</span> <span class='ocrx_word' id='word_1_211' title='bbox 554 2580 650 2666; x_wconf 88' lang='grc' dir='ltr'>νήσας</span> <span class='ocrx_word' id='word_1_212' title='bbox 677 2583 804 2648; x_wconf 85' lang='grc' dir='ltr'>ἐκείνων</span> <span class='ocrx_word' id='word_1_213' title='bbox 834 2584 903 2664; x_wconf 83' lang='grc' dir='ltr'>εἰσί,</span> <span class='ocrx_word' id='word_1_214' title='bbox 931 2587 986 2660; x_wconf 87' lang='grc' dir='ltr'>τὰς</span> <span class='ocrx_word' id='word_1_215' title='bbox 1013 2582 1117 2668; x_wconf 89' lang='grc' dir='ltr'>μέντοι</span> <span class='ocrx_word' id='word_1_216' title='bbox 1148 2584 1226 2667; x_wconf 90' lang='grc' dir='ltr'>πρός</span> <span class='ocrx_word' id='word_1_217' title='bbox 1256 2587 1329 2661; x_wconf 91' lang='grc' dir='ltr'>τοὺς</span> <span class='ocrx_word' id='word_1_218' title='bbox 1356 2583 1511 2669; x_wconf 75' lang='grc' dir='ltr'>πολέμους</span> 
     </span>
     <span class='ocr_line' id='line_1_22' title="bbox 197 2680 1510 2768; baseline 0.003 -25"><span class='ocrx_word' id='word_1_219' title='bbox 197 2681 340 2765; x_wconf 81' lang='grc' dir='ltr'>ἀφορμάς</span> <span class='ocrx_word' id='word_1_220' title='bbox 364 2683 424 2766; x_wconf 83' lang='grc' dir='ltr'>οὐχ</span> <span class='ocrx_word' id='word_1_221' title='bbox 447 2681 554 2766; x_wconf 84' lang='grc' dir='ltr'>ὁμοίας</span> <span class='ocrx_word' id='word_1_222' title='bbox 577 2680 710 2767; x_wconf 88' lang='grc' dir='ltr'>έχουσιν.</span> <span class='ocrx_word' id='word_1_223' title='bbox 743 2681 811 2747; x_wconf 83' lang='grc' dir='ltr'>ἐπεί</span> <span class='ocrx_word' id='word_1_224' title='bbox 834 2681 978 2746; x_wconf 91' lang='grc' dir='ltr'>δότωσαν</span> <span class='ocrx_word' id='word_1_225' title='bbox 1003 2683 1057 2765; x_wconf 90' lang='grc' dir='ltr'>μέν</span> <span class='ocrx_word' id='word_1_226' title='bbox 1081 2683 1150 2766; x_wconf 90' lang='grc' dir='ltr'>ύμῖν</span> <span class='ocrx_word' id='word_1_227' title='bbox 1169 2683 1353 2765; x_wconf 86' lang='grc' dir='ltr'>τριακοσίας</span> <span class='ocrx_word' id='word_1_228' title='bbox 1375 2683 1510 2768; x_wconf 88' lang='grc' dir='ltr'>τριήρεις</span> 
     </span>
     <span class='ocr_line' id='line_1_23' title="bbox 197 2777 1509 2865; baseline 0.004 -25"><span class='ocrx_word' id='word_1_229' title='bbox 197 2777 226 2840; x_wconf 81' lang='grc' dir='ltr'>οἱ</span> <span class='ocrx_word' id='word_1_230' title='bbox 248 2779 287 2841; x_wconf 87' lang='grc' dir='ltr'>τόι</span> <span class='ocrx_word' id='word_1_231' title='bbox 309 2787 366 2862; x_wconf 83' lang='grc' dir='ltr'>τής</span> <span class='ocrx_word' id='word_1_232' title='bbox 388 2777 542 2854; x_wconf 85' lang='grc' dir='ltr'>Ἑλλάδος</span> <span class='ocrx_word' id='word_1_233' title='bbox 566 2777 637 2856; x_wconf 84' lang='grc' dir='ltr'>άξια</span> <span class='ocrx_word' id='word_1_234' title='bbox 654 2779 827 2865; x_wconf 81' lang='grc' dir='ltr'>γράφοντες</span> <span class='ocrx_word' id='word_1_235' title='bbox 850 2779 934 2859; x_wconf 91' lang='grc' dir='ltr'>ύμίν·</span> <span class='ocrx_word' id='word_1_236' title='bbox 961 2778 1103 2843; x_wconf 87' lang='grc' dir='ltr'>δότωσαν</span> <span class='ocrx_word' id='word_1_237' title='bbox 1127 2779 1161 2842; x_wconf 87' lang='grc' dir='ltr'>δέ</span> <span class='ocrx_word' id='word_1_238' title='bbox 1177 2781 1347 2865; x_wconf 89' lang='grc' dir='ltr'>τρισμύρια</span> <span class='ocrx_word' id='word_1_239' title='bbox 1368 2780 1509 2846; x_wconf 91' lang='grc' dir='ltr'>τάλαντα</span> 
     </span>
    </p>
   </div>
   <div class='ocr_carea' id='block_1_3' title="bbox 193 3007 1508 3156">
    <p class='ocr_par' dir='ltr' id='par_1_3' title="bbox 193 3007 1508 3156">
     <span class='ocr_line' id='line_1_24' title="bbox 283 3007 1508 3078; baseline 0.004 -20"><span class='ocrx_word' id='word_1_240' title='bbox 283 3007 349 3076; x_wconf 63' lang='grc' dir='ltr'>βό.</span> <span class='ocrx_word' id='word_1_241' title='bbox 386 3010 402 3063; x_wconf 90' lang='lat'><strong>3</strong></span> <span class='ocrx_word' id='word_1_242' title='bbox 425 3010 590 3074; x_wconf 83' lang='grc' dir='ltr'>προσχήματι</span> <span class='ocrx_word' id='word_1_243' title='bbox 611 3007 711 3062; x_wconf 82' lang='lat' dir='ltr'><strong>Markl.</strong></span> <span class='ocrx_word' id='word_1_244' title='bbox 730 3007 764 3062; x_wconf 86' lang='lat' dir='ltr'>R.</span> <span class='ocrx_word' id='word_1_245' title='bbox 784 3009 840 3078; x_wconf 90' lang='lat' dir='ltr'><strong>sq.]</strong></span> <span class='ocrx_word' id='word_1_246' title='bbox 859 3010 1001 3074; x_wconf 88' lang='grc' dir='ltr'>πρόσχημα</span> <span class='ocrx_word' id='word_1_247' title='bbox 1017 3025 1036 3060; x_wconf 87' lang='grc' dir='ltr'>α</span> <span class='ocrx_word' id='word_1_248' title='bbox 1054 3037 1087 3044; x_wconf 94' lang='grc'>-</span> <span class='ocrx_word' id='word_1_249' title='bbox 1112 3012 1158 3074; x_wconf 83' lang='grc' dir='ltr'>τῆς</span> <span class='ocrx_word' id='word_1_250' title='bbox 1176 3011 1321 3074; x_wconf 82' lang='grc' dir='ltr'>παρρησίας</span> <span class='ocrx_word' id='word_1_251' title='bbox 1339 3026 1364 3076; x_wconf 84' lang='grc' dir='ltr'>α,</span> <span class='ocrx_word' id='word_1_252' title='bbox 1387 3014 1433 3075; x_wconf 88' lang='grc' dir='ltr'>τής</span> <span class='ocrx_word' id='word_1_253' title='bbox 1452 3008 1508 3064; x_wconf 81' lang='lat' dir='ltr'><strong>del.</strong></span> 
     </span>
     <span class='ocr_line' id='line_1_25' title="bbox 193 3087 1506 3156; baseline 0 -13"><span class='ocrx_word' id='word_1_254' title='bbox 193 3088 226 3144; x_wconf 91' lang='lat' dir='ltr'>R.</span> <span class='ocrx_word' id='word_1_255' title='bbox 251 3089 302 3144; x_wconf 85' lang='lat' dir='ltr'>Bk.</span> <span class='ocrx_word' id='word_1_256' title='bbox 324 3088 367 3144; x_wconf 76' lang='lat' dir='ltr'>Fr.</span> <span class='ocrx_word' id='word_1_257' title='bbox 392 3089 427 3142; x_wconf 88' lang='lat' dir='ltr'>W.</span> <span class='ocrx_word' id='word_1_258' title='bbox 455 3089 567 3154; x_wconf 80' lang='lat' dir='ltr'><strong>(natum</strong></span> <span class='ocrx_word' id='word_1_259' title='bbox 596 3099 631 3143; x_wconf 78' lang='lat' dir='ltr'>ex</span> <span class='ocrx_word' id='word_1_260' title='bbox 649 3087 848 3155; x_wconf 88' lang='grc' dir='ltr'>προσχήματι)</span> <span class='ocrx_word' id='word_1_261' title='bbox 877 3117 910 3126; x_wconf 90' lang='lat'>-</span> <span class='ocrx_word' id='word_1_262' title='bbox 938 3087 1083 3143; x_wconf 65' lang='lat' dir='ltr'>4401th</span> <span class='ocrx_word' id='word_1_263' title='bbox 1119 3121 1154 3130; x_wconf 89' lang='lat'>-</span> <span class='ocrx_word' id='word_1_264' title='bbox 1191 3089 1301 3154; x_wconf 84' lang='grc' dir='ltr'>ἡγεμόσι</span> <span class='ocrx_word' id='word_1_265' title='bbox 1320 3087 1345 3142; x_wconf 93' lang='lat' dir='ltr'>V</span> <span class='ocrx_word' id='word_1_266' title='bbox 1364 3118 1396 3127; x_wconf 94' lang='lat'>-</span> <span class='ocrx_word' id='word_1_267' title='bbox 1416 3091 1433 3156; x_wconf 89' lang='grc' dir='ltr'>ή</span> <span class='ocrx_word' id='word_1_268' title='bbox 1452 3104 1506 3145; x_wconf 83' lang='lat' dir='ltr'>om.</span> 
     </span>
    </p>
   </div>
   <div class='ocr_carea' id='block_1_4' title="bbox 193 3181 1610 4804">
    <p class='ocr_par' dir='ltr' id='par_1_4' title="bbox 193 3181 1610 4804">
     <span class='ocr_line' id='line_1_26' title="bbox 194 3181 1610 3283; baseline 0.001 -14"><span class='ocrx_word' id='word_1_269' title='bbox 194 3215 286 3281; x_wconf 81' lang='lat' dir='ltr'><strong>editt,</strong></span> <span class='ocrx_word' id='word_1_270' title='bbox 305 3217 352 3266; x_wconf 88' lang='grc' dir='ltr'>καί</span> <span class='ocrx_word' id='word_1_271' title='bbox 371 3212 498 3281; x_wconf 85' lang='lat' dir='ltr'><strong>(Markl.)</strong></span> <span class='ocrx_word' id='word_1_272' title='bbox 519 3212 560 3267; x_wconf 90' lang='lat' dir='ltr'>W.</span> <span class='ocrx_word' id='word_1_273' title='bbox 581 3243 614 3251; x_wconf 94' lang='lat'>—</span> <span class='ocrx_word' id='word_1_274' title='bbox 634 3215 841 3280; x_wconf 82' lang='grc' dir='ltr'>ῥαδιουργοτέρα</span> <span class='ocrx_word' id='word_1_275' title='bbox 860 3213 895 3268; x_wconf 88' lang='lat' dir='ltr'>ci.</span> <span class='ocrx_word' id='word_1_276' title='bbox 914 3212 998 3281; x_wconf 85' lang='lat' dir='ltr'><strong>Tayl.</strong></span> <span class='ocrx_word' id='word_1_277' title='bbox 1021 3241 1054 3250; x_wconf 81' lang='lat'><em>-</em></span> <span class='ocrx_word' id='word_1_278' title='bbox 1076 3181 1252 3278; x_wconf 72' lang='grc' dir='ltr'>ὅπόιριόντος</span> <span class='ocrx_word' id='word_1_279' title='bbox 1270 3213 1347 3283; x_wconf 79' lang='lat' dir='ltr'><strong>Apr.</strong></span> <span class='ocrx_word' id='word_1_280' title='bbox 1378 3243 1409 3252; x_wconf 95' lang='lat'><em>-</em></span> <span class='ocrx_word' id='word_1_281' title='bbox 1442 3219 1509 3281; x_wconf 77' lang='grc' dir='ltr'>6μσ</span> <span class='ocrx_word' id='word_1_282' title='bbox 1607 3261 1610 3266; x_wconf 90' lang='lat'><strong>.</strong></span> 
     </span>
     <span class='ocr_line' id='line_1_27' title="bbox 194 3292 1508 3363; baseline -0.001 -15"><span class='ocrx_word' id='word_1_283' title='bbox 194 3309 249 3348; x_wconf 85' lang='lat' dir='ltr'>om.</span> <span class='ocrx_word' id='word_1_284' title='bbox 269 3295 294 3349; x_wconf 89' lang='grc' dir='ltr'><strong>Α</strong></span> <span class='ocrx_word' id='word_1_285' title='bbox 318 3293 385 3350; x_wconf 87' lang='lat' dir='ltr'><strong>Tur.</strong></span> <span class='ocrx_word' id='word_1_286' title='bbox 405 3309 448 3363; x_wconf 84' lang='lat' dir='ltr'>sq.</span> <span class='ocrx_word' id='word_1_287' title='bbox 487 3325 520 3333; x_wconf 92' lang='lat'><em>-</em></span> <span class='ocrx_word' id='word_1_288' title='bbox 558 3294 704 3357; x_wconf 82' lang='grc' dir='ltr'>τεθνεῶτος</span> <span class='ocrx_word' id='word_1_289' title='bbox 732 3293 781 3349; x_wconf 91' lang='lat' dir='ltr'>VB</span> <span class='ocrx_word' id='word_1_290' title='bbox 800 3292 897 3360; x_wconf 81' lang='lat' dir='ltr'><strong>editt]</strong></span> <span class='ocrx_word' id='word_1_291' title='bbox 927 3296 961 3345; x_wconf 87' lang='grc' dir='ltr'>τὰ</span> <span class='ocrx_word' id='word_1_292' title='bbox 979 3294 1125 3356; x_wconf 85' lang='grc' dir='ltr'>τεθνεῶτος</span> <span class='ocrx_word' id='word_1_293' title='bbox 1144 3292 1226 3362; x_wconf 69' lang='lat' dir='ltr'>Cpr„</span> <span class='ocrx_word' id='word_1_294' title='bbox 1254 3295 1287 3345; x_wconf 84' lang='grc' dir='ltr'>τὰ</span> <span class='ocrx_word' id='word_1_295' title='bbox 1307 3309 1388 3363; x_wconf 83' lang='lat' dir='ltr'><strong>eras.,</strong></span> <span class='ocrx_word' id='word_1_296' title='bbox 1416 3298 1451 3347; x_wconf 84' lang='grc' dir='ltr'>τὰ</span> <span class='ocrx_word' id='word_1_297' title='bbox 1469 3312 1508 3347; x_wconf 86' lang='grc' dir='ltr'>τε-</span> 
     </span>
     <span class='ocr_line' id='line_1_28' title="bbox 193 3372 1506 3444; baseline 0.003 -19"><span class='ocrx_word' id='word_1_298' title='bbox 193 3375 309 3438; x_wconf 85' lang='grc' dir='ltr'>θνεῶτος</span> <span class='ocrx_word' id='word_1_299' title='bbox 321 3375 454 3438; x_wconf 80' lang='grc' dir='ltr'>παθόντος</span> <span class='ocrx_word' id='word_1_300' title='bbox 466 3373 563 3442; x_wconf 87' lang='grc' dir='ltr'>ΑΡ,τὰ</span> <span class='ocrx_word' id='word_1_301' title='bbox 575 3379 621 3426; x_wconf 81' lang='grc' dir='ltr'>τοῦ</span> <span class='ocrx_word' id='word_1_302' title='bbox 635 3374 780 3437; x_wconf 84' lang='grc' dir='ltr'>τεθνεῶτος</span> <span class='ocrx_word' id='word_1_303' title='bbox 791 3375 925 3437; x_wconf 83' lang='grc' dir='ltr'>παθόντος</span> <span class='ocrx_word' id='word_1_304' title='bbox 938 3373 990 3442; x_wconf 89' lang='lat' dir='ltr'><strong>Bl.‚</strong></span> <span class='ocrx_word' id='word_1_305' title='bbox 1009 3373 1044 3429; x_wconf 85' lang='lat' dir='ltr'>cf.</span> <span class='ocrx_word' id='word_1_306' title='bbox 1057 3373 1148 3443; x_wconf 82' lang='lat' dir='ltr'><strong>praef.</strong></span> <span class='ocrx_word' id='word_1_307' title='bbox 1159 3389 1186 3442; x_wconf 86' lang='lat' dir='ltr'>p.</span> <span class='ocrx_word' id='word_1_308' title='bbox 1200 3377 1234 3429; x_wconf 80' lang='lat'>42</span> <span class='ocrx_word' id='word_1_309' title='bbox 1254 3403 1287 3412; x_wconf 98' lang='lat'>-</span> <span class='ocrx_word' id='word_1_310' title='bbox 1301 3373 1321 3441; x_wconf 65' lang='grc' dir='ltr'>θ</span> <span class='ocrx_word' id='word_1_311' title='bbox 1334 3372 1362 3427; x_wconf 80' lang='grc' dir='ltr'>ύ.</span> <span class='ocrx_word' id='word_1_312' title='bbox 1376 3376 1393 3429; x_wconf 90' lang='grc'><strong>8</strong></span> <span class='ocrx_word' id='word_1_313' title='bbox 1406 3377 1466 3440; x_wconf 87' lang='grc' dir='ltr'>ἐμοί</span> <span class='ocrx_word' id='word_1_314' title='bbox 1477 3373 1506 3444; x_wconf 88' lang='grc' dir='ltr'>α]</span> 
     </span>
     <span class='ocr_line' id='line_1_29' title="bbox 194 3451 1508 3524; baseline 0.005 -19"><span class='ocrx_word' id='word_1_315' title='bbox 194 3455 265 3519; x_wconf 86' lang='grc' dir='ltr'>ύμείς</span> <span class='ocrx_word' id='word_1_316' title='bbox 284 3454 367 3510; x_wconf 80' lang='lat' dir='ltr'><strong>editt.</strong></span> <span class='ocrx_word' id='word_1_317' title='bbox 393 3483 424 3494; x_wconf 92' lang='lat'>-</span> <span class='ocrx_word' id='word_1_318' title='bbox 449 3452 490 3524; x_wconf 81' lang='grc' dir='ltr'>δέ]</span> <span class='ocrx_word' id='word_1_319' title='bbox 516 3457 561 3520; x_wconf 83' lang='grc' dir='ltr'>μέν</span> <span class='ocrx_word' id='word_1_320' title='bbox 580 3455 606 3509; x_wconf 92' lang='lat' dir='ltr'><strong>V</strong></span> <span class='ocrx_word' id='word_1_321' title='bbox 633 3489 658 3496; x_wconf 94' lang='lat'>-</span> <span class='ocrx_word' id='word_1_322' title='bbox 690 3454 722 3508; x_wconf 75' lang='lat'>12</span> <span class='ocrx_word' id='word_1_323' title='bbox 747 3452 889 3524; x_wconf 78' lang='grc' dir='ltr'>ἅπτεσθαι]</span> <span class='ocrx_word' id='word_1_324' title='bbox 913 3451 1025 3516; x_wconf 74' lang='grc' dir='ltr'>άπαξλί</span> <span class='ocrx_word' id='word_1_325' title='bbox 1049 3483 1082 3491; x_wconf 92' lang='lat'>-</span> <span class='ocrx_word' id='word_1_326' title='bbox 1107 3452 1278 3520; x_wconf 84' lang='grc' dir='ltr'>δ’ἐβουλόμην</span> <span class='ocrx_word' id='word_1_327' title='bbox 1301 3454 1344 3509; x_wconf 93' lang='lat' dir='ltr'>Bl.</span> <span class='ocrx_word' id='word_1_328' title='bbox 1368 3454 1433 3510; x_wconf 85' lang='lat' dir='ltr'><strong>coll.</strong></span> <span class='ocrx_word' id='word_1_329' title='bbox 1457 3454 1508 3522; x_wconf 67' lang='grc' dir='ltr'>ξύ</span> 
     </span>
     <span class='ocr_line' id='line_1_30' title="bbox 194 3532 1506 3604; baseline -0.001 -19"><span class='ocrx_word' id='word_1_330' title='bbox 194 3532 318 3604; x_wconf 88' lang='grc' dir='ltr'>ήγνόουν]</span> <span class='ocrx_word' id='word_1_331' title='bbox 339 3537 368 3586; x_wconf 81' lang='grc' dir='ltr'>δέ</span> <span class='ocrx_word' id='word_1_332' title='bbox 387 3536 526 3601; x_wconf 82' lang='grc' dir='ltr'>βουλοίμην</span> <span class='ocrx_word' id='word_1_333' title='bbox 544 3553 562 3588; x_wconf 89' lang='grc' dir='ltr'>α</span> <span class='ocrx_word' id='word_1_334' title='bbox 580 3534 662 3590; x_wconf 83' lang='lat' dir='ltr'><strong>editt.</strong></span> <span class='ocrx_word' id='word_1_335' title='bbox 683 3564 716 3574; x_wconf 91' lang='lat'>-</span> <span class='ocrx_word' id='word_1_336' title='bbox 736 3536 768 3586; x_wconf 84' lang='grc' dir='ltr'>διν</span> <span class='ocrx_word' id='word_1_337' title='bbox 787 3538 869 3586; x_wconf 81' lang='grc' dir='ltr'>ταῦτα</span> <span class='ocrx_word' id='word_1_338' title='bbox 887 3552 904 3589; x_wconf 81' lang='grc' dir='ltr'>ιι</span> <span class='ocrx_word' id='word_1_339' title='bbox 923 3533 1015 3599; x_wconf 81' lang='lat' dir='ltr'><strong>editt,</strong></span> <span class='ocrx_word' id='word_1_340' title='bbox 1035 3549 1106 3589; x_wconf 85' lang='lat' dir='ltr'><strong>corr.</strong></span> <span class='ocrx_word' id='word_1_341' title='bbox 1126 3533 1159 3588; x_wconf 91' lang='lat' dir='ltr'>R.</span> <span class='ocrx_word' id='word_1_342' title='bbox 1179 3533 1221 3589; x_wconf 93' lang='lat' dir='ltr'>Bl.</span> <span class='ocrx_word' id='word_1_343' title='bbox 1241 3562 1274 3572; x_wconf 91' lang='lat'><em>-</em></span> <span class='ocrx_word' id='word_1_344' title='bbox 1297 3535 1328 3588; x_wconf 85' lang='lat'>13</span> <span class='ocrx_word' id='word_1_345' title='bbox 1345 3537 1392 3585; x_wconf 82' lang='grc' dir='ltr'>τοῦ</span> <span class='ocrx_word' id='word_1_346' title='bbox 1410 3535 1506 3601; x_wconf 78' lang='grc' dir='ltr'>ταῦτα]</span> 
     </span>
     <span class='ocr_line' id='line_1_31' title="bbox 194 3612 1508 3684; baseline 0.002 -22"><span class='ocrx_word' id='word_1_347' title='bbox 194 3616 277 3664; x_wconf 78' lang='grc' dir='ltr'>ταῦτα</span> <span class='ocrx_word' id='word_1_348' title='bbox 295 3613 351 3668; x_wconf 79' lang='lat' dir='ltr'><strong>del.</strong></span> <span class='ocrx_word' id='word_1_349' title='bbox 372 3613 476 3672; x_wconf 79' lang='lat' dir='ltr'><strong>Herch.</strong></span> <span class='ocrx_word' id='word_1_350' title='bbox 510 3643 543 3652; x_wconf 87' lang='lat'><em>-</em></span> <span class='ocrx_word' id='word_1_351' title='bbox 580 3612 648 3681; x_wconf 66' lang='lat' dir='ltr'>fit.</span> <span class='ocrx_word' id='word_1_352' title='bbox 685 3612 732 3684; x_wconf 88' lang='grc' dir='ltr'>μόι]</span> <span class='ocrx_word' id='word_1_353' title='bbox 753 3615 862 3679; x_wconf 86' lang='grc' dir='ltr'>μετόΑ</span> <span class='ocrx_word' id='word_1_354' title='bbox 902 3642 938 3652; x_wconf 97' lang='grc'><strong>-</strong></span> <span class='ocrx_word' id='word_1_355' title='bbox 976 3618 1008 3670; x_wconf 82' lang='grc'>14</span> <span class='ocrx_word' id='word_1_356' title='bbox 1027 3613 1135 3668; x_wconf 81' lang='grc' dir='ltr'>ἐστινΟ</span> <span class='ocrx_word' id='word_1_357' title='bbox 1178 3643 1211 3651; x_wconf 92' lang='grc'>-</span> <span class='ocrx_word' id='word_1_358' title='bbox 1274 3613 1363 3680; x_wconf 81' lang='grc' dir='ltr'>(ἀεὶ)</span> <span class='ocrx_word' id='word_1_359' title='bbox 1384 3615 1508 3680; x_wconf 83' lang='grc' dir='ltr'>πολεμεῖν</span> 
     </span>
     <span class='ocr_line' id='line_1_32' title="bbox 195 3691 1507 3764; baseline 0 -20"><span class='ocrx_word' id='word_1_360' title='bbox 195 3691 262 3748; x_wconf 80' lang='grc' dir='ltr'>ςΒΙ.</span> <span class='ocrx_word' id='word_1_361' title='bbox 283 3722 316 3730; x_wconf 98' lang='grc'>-</span> <span class='ocrx_word' id='word_1_362' title='bbox 337 3696 369 3750; x_wconf 81' lang='lat'>15</span> <span class='ocrx_word' id='word_1_363' title='bbox 379 3696 408 3746; x_wconf 85' lang='grc' dir='ltr'>δὲ</span> <span class='ocrx_word' id='word_1_364' title='bbox 420 3694 466 3751; x_wconf 80' lang='grc' dir='ltr'>ΑΒ</span> <span class='ocrx_word' id='word_1_365' title='bbox 481 3724 514 3732; x_wconf 90' lang='grc'><strong>-</strong></span> <span class='ocrx_word' id='word_1_366' title='bbox 530 3711 562 3761; x_wconf 91' lang='grc' dir='ltr'>γε</span> <span class='ocrx_word' id='word_1_367' title='bbox 572 3696 632 3757; x_wconf 91' lang='grc' dir='ltr'>τούς</span> <span class='ocrx_word' id='word_1_368' title='bbox 643 3694 664 3750; x_wconf 92' lang='grc' dir='ltr'>Β</span> <span class='ocrx_word' id='word_1_369' title='bbox 674 3710 726 3764; x_wconf 71' lang='grc' dir='ltr'>με,</span> <span class='ocrx_word' id='word_1_370' title='bbox 736 3698 783 3746; x_wconf 92' lang='grc' dir='ltr'>καί</span> <span class='ocrx_word' id='word_1_371' title='bbox 793 3709 816 3750; x_wconf 89' lang='lat' dir='ltr'>s.</span> <span class='ocrx_word' id='word_1_372' title='bbox 827 3710 854 3747; x_wconf 89' lang='lat' dir='ltr'>v.</span> <span class='ocrx_word' id='word_1_373' title='bbox 870 3729 907 3736; x_wconf 93' lang='lat'>-</span> <span class='ocrx_word' id='word_1_374' title='bbox 920 3697 993 3762; x_wconf 84' lang='grc' dir='ltr'>ήμῶν</span> <span class='ocrx_word' id='word_1_375' title='bbox 1003 3693 1101 3749; x_wconf 85' lang='lat' dir='ltr'><strong>APVB</strong></span> <span class='ocrx_word' id='word_1_376' title='bbox 1112 3693 1194 3749; x_wconf 80' lang='lat' dir='ltr'><strong>editt.</strong></span> <span class='ocrx_word' id='word_1_377' title='bbox 1217 3723 1253 3731; x_wconf 92' lang='lat'>-</span> <span class='ocrx_word' id='word_1_378' title='bbox 1274 3697 1305 3748; x_wconf 88' lang='grc'>16</span> <span class='ocrx_word' id='word_1_379' title='bbox 1317 3693 1375 3745; x_wconf 82' lang='grc' dir='ltr'>ἀλλ’</span> <span class='ocrx_word' id='word_1_380' title='bbox 1386 3696 1434 3756; x_wconf 76' lang='grc' dir='ltr'>εῑςι</span> <span class='ocrx_word' id='word_1_381' title='bbox 1443 3691 1507 3757; x_wconf 91' lang='grc' dir='ltr'>λέίς</span> 
     </span>
     <span class='ocr_line' id='line_1_33' title="bbox 195 3771 1507 3844; baseline 0 -18"><span class='ocrx_word' id='word_1_382' title='bbox 195 3772 225 3826; x_wconf 87' lang='lat' dir='ltr'>in</span> <span class='ocrx_word' id='word_1_383' title='bbox 244 3771 298 3828; x_wconf 84' lang='lat' dir='ltr'><strong>lac.</strong></span> <span class='ocrx_word' id='word_1_384' title='bbox 319 3775 334 3828; x_wconf 88' lang='lat'>5</span> <span class='ocrx_word' id='word_1_385' title='bbox 354 3773 410 3829; x_wconf 87' lang='lat' dir='ltr'><strong>litt.</strong></span> <span class='ocrx_word' id='word_1_386' title='bbox 431 3774 496 3829; x_wconf 85' lang='lat' dir='ltr'><strong>add.</strong></span> <span class='ocrx_word' id='word_1_387' title='bbox 517 3775 555 3844; x_wconf 73' lang='grc' dir='ltr'>Α,</span> <span class='ocrx_word' id='word_1_388' title='bbox 572 3804 608 3812; x_wconf 91' lang='grc'>-</span> <span class='ocrx_word' id='word_1_389' title='bbox 634 3776 680 3840; x_wconf 86' lang='grc' dir='ltr'>μὲν</span> <span class='ocrx_word' id='word_1_390' title='bbox 698 3779 744 3825; x_wconf 81' lang='grc' dir='ltr'>τοῦ</span> <span class='ocrx_word' id='word_1_391' title='bbox 764 3773 793 3838; x_wconf 82' lang='lat' dir='ltr'>O,</span> <span class='ocrx_word' id='word_1_392' title='bbox 813 3776 843 3826; x_wconf 87' lang='grc' dir='ltr'>τό</span> <span class='ocrx_word' id='word_1_393' title='bbox 862 3776 908 3840; x_wconf 82' lang='grc' dir='ltr'>μέν</span> <span class='ocrx_word' id='word_1_394' title='bbox 926 3777 956 3826; x_wconf 87' lang='grc' dir='ltr'>τό</span> <span class='ocrx_word' id='word_1_395' title='bbox 976 3772 997 3829; x_wconf 88' lang='grc' dir='ltr'>Ρ</span> <span class='ocrx_word' id='word_1_396' title='bbox 1016 3802 1049 3811; x_wconf 89' lang='grc'>-</span> <span class='ocrx_word' id='word_1_397' title='bbox 1067 3774 1209 3838; x_wconf 87' lang='grc' dir='ltr'>βούλεσθαι</span> <span class='ocrx_word' id='word_1_398' title='bbox 1227 3773 1315 3842; x_wconf 68' lang='grc' dir='ltr'>Αμτ,</span> <span class='ocrx_word' id='word_1_399' title='bbox 1334 3774 1507 3838; x_wconf 88' lang='grc' dir='ltr'>βουλεύεσθαι</span> 
     </span>
     <span class='ocr_line' id='line_1_34' title="bbox 195 3850 1506 3924; baseline 0.002 -17"><span class='ocrx_word' id='word_1_400' title='bbox 195 3867 267 3909; x_wconf 76' lang='lat' dir='ltr'><strong>corr.</strong></span> <span class='ocrx_word' id='word_1_401' title='bbox 286 3855 303 3908; x_wconf 71' lang='lat'>⁴2</span> <span class='ocrx_word' id='word_1_402' title='bbox 323 3882 356 3892; x_wconf 94' lang='lat'>·-</span> <span class='ocrx_word' id='word_1_403' title='bbox 380 3854 410 3908; x_wconf 81' lang='lat'>17</span> <span class='ocrx_word' id='word_1_404' title='bbox 435 3856 526 3921; x_wconf 84' lang='grc' dir='ltr'>ἱκανήν</span> <span class='ocrx_word' id='word_1_405' title='bbox 545 3850 625 3906; x_wconf 81' lang='grc' dir='ltr'>οὖσαν</span> <span class='ocrx_word' id='word_1_406' title='bbox 643 3854 744 3910; x_wconf 84' lang='lat' dir='ltr'><strong>colloe.</strong></span> <span class='ocrx_word' id='word_1_407' title='bbox 765 3853 824 3909; x_wconf 62' lang='lat' dir='ltr'>SR.</span> <span class='ocrx_word' id='word_1_408' title='bbox 845 3884 877 3894; x_wconf 90' lang='lat'><em>-</em></span> <span class='ocrx_word' id='word_1_409' title='bbox 897 3856 934 3917; x_wconf 83' lang='grc' dir='ltr'>είς</span> <span class='ocrx_word' id='word_1_410' title='bbox 953 3855 994 3906; x_wconf 74' lang='grc' dir='ltr'>θέε</span> <span class='ocrx_word' id='word_1_411' title='bbox 1013 3855 1070 3916; x_wconf 83' lang='grc' dir='ltr'>ςδὲ</span> <span class='ocrx_word' id='word_1_412' title='bbox 1086 3853 1117 3908; x_wconf 87' lang='lat' dir='ltr'>in</span> <span class='ocrx_word' id='word_1_413' title='bbox 1140 3853 1195 3909; x_wconf 85' lang='lat' dir='ltr'><strong>lac.</strong></span> <span class='ocrx_word' id='word_1_414' title='bbox 1215 3857 1232 3909; x_wconf 88' lang='lat'>4</span> <span class='ocrx_word' id='word_1_415' title='bbox 1250 3853 1307 3909; x_wconf 85' lang='lat' dir='ltr'><strong>litt.</strong></span> <span class='ocrx_word' id='word_1_416' title='bbox 1327 3852 1393 3909; x_wconf 85' lang='lat' dir='ltr'><strong>add.</strong></span> <span class='ocrx_word' id='word_1_417' title='bbox 1413 3853 1451 3924; x_wconf 69' lang='grc' dir='ltr'>Α,</span> <span class='ocrx_word' id='word_1_418' title='bbox 1471 3889 1506 3898; x_wconf 90' lang='grc'><strong>-</strong></span> 
     </span>
     <span class='ocr_line' id='line_1_35' title="bbox 195 3927 1506 4003; baseline 0.004 -18"><span class='ocrx_word' id='word_1_419' title='bbox 195 3934 323 3986; x_wconf 83' lang='grc' dir='ltr'>δύνασθαι</span> <span class='ocrx_word' id='word_1_420' title='bbox 344 3937 414 4000; x_wconf 78' lang='grc' dir='ltr'>(καί</span> <span class='ocrx_word' id='word_1_421' title='bbox 432 3934 534 4001; x_wconf 80' lang='grc' dir='ltr'>πολλῆς</span> <span class='ocrx_word' id='word_1_422' title='bbox 558 3935 714 4001; x_wconf 82' lang='grc' dir='ltr'>δυνάμεως)</span> <span class='ocrx_word' id='word_1_423' title='bbox 744 3937 791 3986; x_wconf 88' lang='grc' dir='ltr'>καί</span> <span class='ocrx_word' id='word_1_424' title='bbox 818 3933 861 3988; x_wconf 89' lang='lat' dir='ltr'>W.</span> <span class='ocrx_word' id='word_1_425' title='bbox 899 3962 932 3971; x_wconf 86' lang='lat'>-</span> <span class='ocrx_word' id='word_1_426' title='bbox 969 3927 1123 4000; x_wconf 73' lang='grc' dir='ltr'>γενομένους</span> <span class='ocrx_word' id='word_1_427' title='bbox 1145 3935 1179 3988; x_wconf 90' lang='lat' dir='ltr'>ut</span> <span class='ocrx_word' id='word_1_428' title='bbox 1201 3932 1261 3988; x_wconf 86' lang='lat' dir='ltr'><strong>vid.</strong></span> <span class='ocrx_word' id='word_1_429' title='bbox 1280 3931 1364 4003; x_wconf 69' lang='lat' dir='ltr'><strong>Ppn,</strong></span> <span class='ocrx_word' id='word_1_430' title='bbox 1398 3937 1506 3990; x_wconf 63' lang='lat' dir='ltr'>comt</span> 
     </span>
     <span class='ocr_line' id='line_1_36' title="bbox 196 4009 1507 4085; baseline 0.004 -19"><span class='ocrx_word' id='word_1_431' title='bbox 196 4043 228 4052; x_wconf 93' lang='lat'><em>-</em></span> <span class='ocrx_word' id='word_1_432' title='bbox 248 4012 269 4082; x_wconf 61' lang='grc' dir='ltr'>ὅ</span> <span class='ocrx_word' id='word_1_433' title='bbox 288 4011 316 4067; x_wconf 77' lang='lat'>7.</span> <span class='ocrx_word' id='word_1_434' title='bbox 353 4016 495 4081; x_wconf 84' lang='grc' dir='ltr'>προσήκειν</span> <span class='ocrx_word' id='word_1_435' title='bbox 514 4010 559 4066; x_wconf 89' lang='grc' dir='ltr'>ούν</span> <span class='ocrx_word' id='word_1_436' title='bbox 577 4018 625 4066; x_wconf 89' lang='grc' dir='ltr'>καί</span> <span class='ocrx_word' id='word_1_437' title='bbox 644 4014 715 4085; x_wconf 81' lang='lat' dir='ltr'><strong>Cpr.</strong></span> <span class='ocrx_word' id='word_1_438' title='bbox 744 4014 801 4082; x_wconf 83' lang='grc' dir='ltr'>(καί</span> <span class='ocrx_word' id='word_1_439' title='bbox 820 4014 906 4081; x_wconf 82' lang='lat' dir='ltr'><strong>eraS.)</strong></span> <span class='ocrx_word' id='word_1_440' title='bbox 923 4013 955 4082; x_wconf 90' lang='lat' dir='ltr'>P,</span> <span class='ocrx_word' id='word_1_441' title='bbox 974 4015 1115 4080; x_wconf 89' lang='grc' dir='ltr'>προσήκειν</span> <span class='ocrx_word' id='word_1_442' title='bbox 1138 4012 1217 4079; x_wconf 86' lang='lat' dir='ltr'><strong>(lac.)</strong></span> <span class='ocrx_word' id='word_1_443' title='bbox 1235 4017 1282 4065; x_wconf 89' lang='grc' dir='ltr'>καί</span> <span class='ocrx_word' id='word_1_444' title='bbox 1301 4014 1388 4084; x_wconf 84' lang='lat' dir='ltr'><strong>Apr.,</strong></span> <span class='ocrx_word' id='word_1_445' title='bbox 1412 4009 1457 4066; x_wconf 88' lang='grc' dir='ltr'>ούν</span> <span class='ocrx_word' id='word_1_446' title='bbox 1475 4014 1507 4070; x_wconf 86' lang='lat' dir='ltr'>in</span> 
     </span>
     <span class='ocr_line' id='line_1_37' title="bbox 194 4092 1507 4164; baseline -0.001 -14"><span class='ocrx_word' id='word_1_447' title='bbox 194 4093 248 4150; x_wconf 83' lang='lat' dir='ltr'><strong>lac.</strong></span> <span class='ocrx_word' id='word_1_448' title='bbox 268 4097 285 4148; x_wconf 86' lang='lat'>4</span> <span class='ocrx_word' id='word_1_449' title='bbox 304 4092 361 4149; x_wconf 86' lang='lat' dir='ltr'><strong>litt.</strong></span> <span class='ocrx_word' id='word_1_450' title='bbox 386 4092 452 4148; x_wconf 83' lang='lat' dir='ltr'><strong>add.</strong></span> <span class='ocrx_word' id='word_1_451' title='bbox 473 4096 489 4148; x_wconf 73' lang='grc' dir='ltr'>θ</span> <span class='ocrx_word' id='word_1_452' title='bbox 518 4129 554 4136; x_wconf 95' lang='lat'>-</span> <span class='ocrx_word' id='word_1_453' title='bbox 575 4097 607 4150; x_wconf 90' lang='grc'>18</span> <span class='ocrx_word' id='word_1_454' title='bbox 626 4096 804 4161; x_wconf 86' lang='grc' dir='ltr'>ἐπελάμβανον</span> <span class='ocrx_word' id='word_1_455' title='bbox 827 4093 911 4164; x_wconf 85' lang='lat' dir='ltr'><strong>Ppr.‚</strong></span> <span class='ocrx_word' id='word_1_456' title='bbox 935 4109 1008 4149; x_wconf 82' lang='lat' dir='ltr'><strong>corr.</strong></span> <span class='ocrx_word' id='word_1_457' title='bbox 1029 4097 1043 4148; x_wconf 96' lang='lat' dir='ltr'>l</span> <span class='ocrx_word' id='word_1_458' title='bbox 1069 4127 1104 4135; x_wconf 88' lang='lat'><em>—</em></span> <span class='ocrx_word' id='word_1_459' title='bbox 1128 4094 1325 4160; x_wconf 79' lang='grc' dir='ltr'>ἐπιστέλλομενι</span> <span class='ocrx_word' id='word_1_460' title='bbox 1348 4095 1453 4147; x_wconf 82' lang='grc' dir='ltr'>έπιστέλ</span> <span class='ocrx_word' id='word_1_461' title='bbox 1475 4094 1507 4149; x_wconf 88' lang='lat' dir='ltr'>in</span> 
     </span>
     <span class='ocr_line' id='line_1_38' title="bbox 196 4172 1506 4245; baseline -0.003 -15"><span class='ocrx_word' id='word_1_462' title='bbox 196 4175 250 4230; x_wconf 80' lang='lat' dir='ltr'><strong>lac.</strong></span> <span class='ocrx_word' id='word_1_463' title='bbox 269 4176 285 4228; x_wconf 82' lang='lat'>5</span> <span class='ocrx_word' id='word_1_464' title='bbox 304 4172 361 4229; x_wconf 87' lang='lat' dir='ltr'><strong>litt.</strong></span> <span class='ocrx_word' id='word_1_465' title='bbox 382 4172 448 4229; x_wconf 85' lang='lat' dir='ltr'><strong>add.</strong></span> <span class='ocrx_word' id='word_1_466' title='bbox 468 4173 514 4244; x_wconf 81' lang='lat' dir='ltr'>A2,</span> <span class='ocrx_word' id='word_1_467' title='bbox 533 4174 638 4242; x_wconf 77' lang='grc' dir='ltr'>εβεε.)</span> <span class='ocrx_word' id='word_1_468' title='bbox 656 4176 737 4241; x_wconf 87' lang='grc' dir='ltr'>λομεν</span> <span class='ocrx_word' id='word_1_469' title='bbox 755 4175 777 4230; x_wconf 90' lang='grc' dir='ltr'>Ρ</span> <span class='ocrx_word' id='word_1_470' title='bbox 798 4203 830 4212; x_wconf 94' lang='grc'>-</span> <span class='ocrx_word' id='word_1_471' title='bbox 846 4177 881 4230; x_wconf 78' lang='grc'>20</span> <span class='ocrx_word' id='word_1_472' title='bbox 893 4175 998 4241; x_wconf 81' lang='grc' dir='ltr'>γνώμας</span> <span class='ocrx_word' id='word_1_473' title='bbox 1015 4176 1063 4226; x_wconf 88' lang='grc' dir='ltr'>καί</span> <span class='ocrx_word' id='word_1_474' title='bbox 1080 4175 1127 4236; x_wconf 84' lang='grc' dir='ltr'>τὰς</span> <span class='ocrx_word' id='word_1_475' title='bbox 1145 4175 1226 4240; x_wconf 85' lang='grc' dir='ltr'>νήσας</span> <span class='ocrx_word' id='word_1_476' title='bbox 1246 4174 1305 4245; x_wconf 69' lang='lat'>042</span> <span class='ocrx_word' id='word_1_477' title='bbox 1323 4175 1389 4242; x_wconf 83' lang='lat' dir='ltr'>(sed</span> <span class='ocrx_word' id='word_1_478' title='bbox 1406 4177 1506 4244; x_wconf 85' lang='grc' dir='ltr'>νήσας),</span> 
     </span>
     <span class='ocr_line' id='line_1_39' title="bbox 195 4253 1506 4325; baseline 0.002 -18"><span class='ocrx_word' id='word_1_479' title='bbox 195 4256 300 4322; x_wconf 85' lang='grc' dir='ltr'>γνώμας</span> <span class='ocrx_word' id='word_1_480' title='bbox 318 4257 365 4306; x_wconf 87' lang='grc' dir='ltr'>καί</span> <span class='ocrx_word' id='word_1_481' title='bbox 384 4256 431 4317; x_wconf 83' lang='grc' dir='ltr'>τὰς</span> <span class='ocrx_word' id='word_1_482' title='bbox 448 4256 551 4320; x_wconf 88' lang='grc' dir='ltr'>νοήσεις</span> <span class='ocrx_word' id='word_1_483' title='bbox 569 4256 646 4325; x_wconf 84' lang='lat' dir='ltr'><strong>Apr.</strong></span> <span class='ocrx_word' id='word_1_484' title='bbox 661 4255 727 4311; x_wconf 86' lang='lat' dir='ltr'><strong>Tur.</strong></span> <span class='ocrx_word' id='word_1_485' title='bbox 742 4255 795 4323; x_wconf 64' lang='lat' dir='ltr'>Fr„</span> <span class='ocrx_word' id='word_1_486' title='bbox 813 4256 918 4321; x_wconf 85' lang='grc' dir='ltr'>γνώμας</span> <span class='ocrx_word' id='word_1_487' title='bbox 936 4256 984 4306; x_wconf 88' lang='grc' dir='ltr'>καί</span> <span class='ocrx_word' id='word_1_488' title='bbox 1002 4257 1048 4318; x_wconf 78' lang='grc' dir='ltr'>τάς</span> <span class='ocrx_word' id='word_1_489' title='bbox 1066 4256 1159 4316; x_wconf 89' lang='grc' dir='ltr'>νόσους</span> <span class='ocrx_word' id='word_1_490' title='bbox 1175 4253 1206 4323; x_wconf 89' lang='grc' dir='ltr'>Ρ,</span> <span class='ocrx_word' id='word_1_491' title='bbox 1225 4256 1330 4322; x_wconf 87' lang='grc' dir='ltr'>γνώμας</span> <span class='ocrx_word' id='word_1_492' title='bbox 1344 4255 1391 4313; x_wconf 93' lang='lat' dir='ltr'>VB</span> <span class='ocrx_word' id='word_1_493' title='bbox 1410 4255 1506 4311; x_wconf 79' lang='lat' dir='ltr'><strong>editt:</strong></span> 
     </span>
     <span class='ocr_line' id='line_1_40' title="bbox 195 4333 1495 4406; baseline -0.003 -16"><span class='ocrx_word' id='word_1_494' title='bbox 195 4336 277 4392; x_wconf 87' lang='lat' dir='ltr'><strong>locus</strong></span> <span class='ocrx_word' id='word_1_495' title='bbox 305 4336 460 4404; x_wconf 81' lang='lat' dir='ltr'><strong>corruptus</strong></span> <span class='ocrx_word' id='word_1_496' title='bbox 486 4335 515 4390; x_wconf 85' lang='lat' dir='ltr'>et</span> <span class='ocrx_word' id='word_1_497' title='bbox 542 4349 577 4389; x_wconf 86' lang='lat' dir='ltr'>ex</span> <span class='ocrx_word' id='word_1_498' title='bbox 611 4334 671 4406; x_wconf 75' lang='grc' dir='ltr'>ΟΔ,</span> <span class='ocrx_word' id='word_1_499' title='bbox 704 4335 903 4405; x_wconf 84' lang='lat' dir='ltr'><strong>corrigendus.</strong></span> <span class='ocrx_word' id='word_1_500' title='bbox 955 4333 1029 4390; x_wconf 84' lang='lat' dir='ltr'><strong>Fort.</strong></span> <span class='ocrx_word' id='word_1_501' title='bbox 1062 4336 1167 4401; x_wconf 77' lang='grc' dir='ltr'>γνώμας</span> <span class='ocrx_word' id='word_1_502' title='bbox 1203 4339 1250 4387; x_wconf 88' lang='grc' dir='ltr'>καί</span> <span class='ocrx_word' id='word_1_503' title='bbox 1277 4337 1325 4398; x_wconf 77' lang='grc' dir='ltr'>τὰς</span> <span class='ocrx_word' id='word_1_504' title='bbox 1356 4335 1495 4403; x_wconf 84' lang='grc' dir='ltr'>&lt;ιόλμας&gt;</span> 
     </span>
     <span class='ocr_line' id='line_1_41' title="bbox 194 4413 1506 4484; baseline 0.002 -17"><span class='ocrx_word' id='word_1_505' title='bbox 194 4418 254 4478; x_wconf 85' lang='grc' dir='ltr'>ίσας</span> <span class='ocrx_word' id='word_1_506' title='bbox 272 4417 380 4467; x_wconf 84' lang='grc' dir='ltr'>ἐκείνων</span> <span class='ocrx_word' id='word_1_507' title='bbox 408 4413 499 4483; x_wconf 72' lang='grc' dir='ltr'>[εἰσήί</span> <span class='ocrx_word' id='word_1_508' title='bbox 528 4414 564 4470; x_wconf 82' lang='lat' dir='ltr'>cf.</span> <span class='ocrx_word' id='word_1_509' title='bbox 584 4414 648 4482; x_wconf 82' lang='lat'>§10</span> <span class='ocrx_word' id='word_1_510' title='bbox 685 4445 718 4454; x_wconf 53' lang='grc' dir='ltr'><em>υ</em></span> <span class='ocrx_word' id='word_1_511' title='bbox 755 4419 804 4467; x_wconf 87' lang='grc' dir='ltr'>είσί</span> <span class='ocrx_word' id='word_1_512' title='bbox 822 4415 849 4484; x_wconf 85' lang='lat' dir='ltr'>a]</span> <span class='ocrx_word' id='word_1_513' title='bbox 881 4416 911 4467; x_wconf 89' lang='grc' dir='ltr'>ού</span> <span class='ocrx_word' id='word_1_514' title='bbox 937 4418 1041 4482; x_wconf 90' lang='grc' dir='ltr'>χείρους</span> <span class='ocrx_word' id='word_1_515' title='bbox 1069 4417 1118 4466; x_wconf 88' lang='grc' dir='ltr'>είσί</span> <span class='ocrx_word' id='word_1_516' title='bbox 1136 4414 1215 4470; x_wconf 76' lang='grc' dir='ltr'>ςΒίτ.</span> <span class='ocrx_word' id='word_1_517' title='bbox 1235 4415 1285 4483; x_wconf 86' lang='lat' dir='ltr'><strong>Bl.‚</strong></span> <span class='ocrx_word' id='word_1_518' title='bbox 1311 4418 1371 4478; x_wconf 85' lang='grc' dir='ltr'>ίσας</span> <span class='ocrx_word' id='word_1_519' title='bbox 1393 4413 1506 4484; x_wconf 83' lang='lat' dir='ltr'>Sauppe</span> 
     </span>
     <span class='ocr_line' id='line_1_42' title="bbox 198 4492 1506 4564; baseline -0.003 -16"><span class='ocrx_word' id='word_1_520' title='bbox 198 4493 289 4561; x_wconf 84' lang='lat' dir='ltr'><strong>(Tur.)</strong></span> <span class='ocrx_word' id='word_1_521' title='bbox 308 4494 397 4550; x_wconf 76' lang='lat' dir='ltr'><strong>Fr.w.</strong></span> <span class='ocrx_word' id='word_1_522' title='bbox 418 4527 452 4536; x_wconf 92' lang='lat'><em>-</em></span> <span class='ocrx_word' id='word_1_523' title='bbox 471 4496 559 4559; x_wconf 82' lang='grc' dir='ltr'>μέντοι</span> <span class='ocrx_word' id='word_1_524' title='bbox 578 4493 622 4549; x_wconf 84' lang='grc' dir='ltr'>ΟΡ</span> <span class='ocrx_word' id='word_1_525' title='bbox 634 4494 676 4551; x_wconf 90' lang='lat' dir='ltr'>Bl.</span> <span class='ocrx_word' id='word_1_526' title='bbox 691 4493 810 4564; x_wconf 85' lang='lat' dir='ltr'><strong>(ci.W.)]</strong></span> <span class='ocrx_word' id='word_1_527' title='bbox 831 4497 918 4561; x_wconf 85' lang='grc' dir='ltr'>μέντοι</span> <span class='ocrx_word' id='word_1_528' title='bbox 936 4511 968 4562; x_wconf 88' lang='grc' dir='ltr'>γε</span> <span class='ocrx_word' id='word_1_529' title='bbox 986 4496 1012 4550; x_wconf 91' lang='grc' dir='ltr'><strong>Α</strong></span> <span class='ocrx_word' id='word_1_530' title='bbox 1031 4495 1097 4551; x_wconf 84' lang='lat' dir='ltr'><strong>Tur.</strong></span> <span class='ocrx_word' id='word_1_531' title='bbox 1107 4495 1161 4563; x_wconf 64' lang='lat' dir='ltr'>Fr„</span> <span class='ocrx_word' id='word_1_532' title='bbox 1181 4497 1212 4547; x_wconf 79' lang='grc' dir='ltr'>δὲ</span> <span class='ocrx_word' id='word_1_533' title='bbox 1230 4492 1277 4550; x_wconf 91' lang='lat' dir='ltr'>VB</span> <span class='ocrx_word' id='word_1_534' title='bbox 1298 4494 1377 4550; x_wconf 67' lang='lat' dir='ltr'><strong>sssk.</strong></span> <span class='ocrx_word' id='word_1_535' title='bbox 1396 4524 1429 4532; x_wconf 97' lang='lat'>-</span> <span class='ocrx_word' id='word_1_536' title='bbox 1442 4496 1506 4559; x_wconf 86' lang='grc' dir='ltr'>πρός</span> 
     </span>
     <span class='ocr_line' id='line_1_43' title="bbox 198 4572 1505 4644; baseline 0.002 -18"><span class='ocrx_word' id='word_1_537' title='bbox 198 4573 288 4629; x_wconf 89' lang='lat' dir='ltr'><strong>om.P</strong></span> <span class='ocrx_word' id='word_1_538' title='bbox 311 4604 344 4612; x_wconf 93' lang='lat'><em>-</em></span> <span class='ocrx_word' id='word_1_539' title='bbox 364 4577 397 4630; x_wconf 73' lang='lat'>21</span> <span class='ocrx_word' id='word_1_540' title='bbox 409 4577 466 4626; x_wconf 81' lang='grc' dir='ltr'>ἐπεί</span> <span class='ocrx_word' id='word_1_541' title='bbox 479 4572 608 4644; x_wconf 85' lang='grc' dir='ltr'>δότωσαν]</span> <span class='ocrx_word' id='word_1_542' title='bbox 628 4577 788 4627; x_wconf 78' lang='grc' dir='ltr'>ἐπιδότωσαν</span> <span class='ocrx_word' id='word_1_543' title='bbox 807 4573 876 4630; x_wconf 82' lang='grc' dir='ltr'>ΟΑΡ</span> <span class='ocrx_word' id='word_1_544' title='bbox 899 4601 932 4613; x_wconf 91' lang='grc'>-</span> <span class='ocrx_word' id='word_1_545' title='bbox 946 4577 992 4640; x_wconf 83' lang='grc' dir='ltr'>μέν</span> <span class='ocrx_word' id='word_1_546' title='bbox 1010 4574 1040 4630; x_wconf 90' lang='lat' dir='ltr'>in</span> <span class='ocrx_word' id='word_1_547' title='bbox 1060 4575 1114 4631; x_wconf 79' lang='lat' dir='ltr'><strong>lac.</strong></span> <span class='ocrx_word' id='word_1_548' title='bbox 1133 4577 1150 4629; x_wconf 87' lang='grc'>3</span> <span class='ocrx_word' id='word_1_549' title='bbox 1168 4575 1226 4630; x_wconf 83' lang='lat' dir='ltr'><strong>litt.</strong></span> <span class='ocrx_word' id='word_1_550' title='bbox 1246 4574 1313 4631; x_wconf 83' lang='lat' dir='ltr'><strong>add.</strong></span> <span class='ocrx_word' id='word_1_551' title='bbox 1331 4575 1377 4644; x_wconf 79' lang='grc' dir='ltr'>Α,,</span> <span class='ocrx_word' id='word_1_552' title='bbox 1396 4572 1457 4628; x_wconf 65' lang='lat' dir='ltr'>etp</span> <span class='ocrx_word' id='word_1_553' title='bbox 1472 4603 1505 4611; x_wconf 93' lang='lat'>—</span> 
     </span>
     <span class='ocr_line' id='line_1_44' title="bbox 198 4653 1502 4725; baseline 0 -17"><span class='ocrx_word' id='word_1_554' title='bbox 198 4653 255 4718; x_wconf 82' lang='grc' dir='ltr'>ὑμῖν</span> <span class='ocrx_word' id='word_1_555' title='bbox 274 4653 378 4725; x_wconf 89' lang='lat' dir='ltr'><strong>VBW.]</strong></span> <span class='ocrx_word' id='word_1_556' title='bbox 404 4657 473 4721; x_wconf 81' lang='grc' dir='ltr'>ὑμῶν</span> <span class='ocrx_word' id='word_1_557' title='bbox 493 4653 572 4724; x_wconf 79' lang='grc' dir='ltr'>ΟΑΡ,</span> <span class='ocrx_word' id='word_1_558' title='bbox 595 4655 655 4720; x_wconf 83' lang='grc' dir='ltr'>ημῖν</span> <span class='ocrx_word' id='word_1_559' title='bbox 674 4654 766 4720; x_wconf 77' lang='lat' dir='ltr'><strong>editt,</strong></span> <span class='ocrx_word' id='word_1_560' title='bbox 790 4654 846 4710; x_wconf 88' lang='lat' dir='ltr'><strong>del.</strong></span> <span class='ocrx_word' id='word_1_561' title='bbox 866 4654 971 4710; x_wconf 82' lang='lat' dir='ltr'><strong>Herch.</strong></span> <span class='ocrx_word' id='word_1_562' title='bbox 991 4683 1023 4694; x_wconf 91' lang='lat'>—</span> <span class='ocrx_word' id='word_1_563' title='bbox 1037 4656 1071 4710; x_wconf 76' lang='lat'>22</span> <span class='ocrx_word' id='word_1_564' title='bbox 1090 4653 1148 4724; x_wconf 85' lang='grc' dir='ltr'>τῆς]</span> <span class='ocrx_word' id='word_1_565' title='bbox 1173 4657 1220 4718; x_wconf 79' lang='grc' dir='ltr'>τὰς</span> <span class='ocrx_word' id='word_1_566' title='bbox 1237 4655 1324 4724; x_wconf 62' lang='lat' dir='ltr'>Apu,</span> <span class='ocrx_word' id='word_1_567' title='bbox 1344 4667 1416 4709; x_wconf 84' lang='lat' dir='ltr'><strong>corr.</strong></span> <span class='ocrx_word' id='word_1_568' title='bbox 1435 4654 1451 4708; x_wconf 78' lang='lat'>2</span> <span class='ocrx_word' id='word_1_569' title='bbox 1472 4683 1502 4691; x_wconf 92' lang='lat'><em>-</em></span> 
     </span>
     <span class='ocr_line' id='line_1_45' title="bbox 201 4731 1506 4804; baseline -0.005 -10"><span class='ocrx_word' id='word_1_570' title='bbox 201 4731 260 4794; x_wconf 68' lang='grc' dir='ltr'>ἄξια</span> <span class='ocrx_word' id='word_1_571' title='bbox 280 4731 437 4802; x_wconf 79' lang='grc' dir='ltr'>(πράττειν)</span> <span class='ocrx_word' id='word_1_572' title='bbox 460 4735 495 4790; x_wconf 83' lang='grc' dir='ltr'>οἰ.</span> <span class='ocrx_word' id='word_1_573' title='bbox 516 4733 547 4791; x_wconf 86' lang='lat' dir='ltr'>R.</span> <span class='ocrx_word' id='word_1_574' title='bbox 576 4765 610 4772; x_wconf 95' lang='lat'><em>-</em></span> <span class='ocrx_word' id='word_1_575' title='bbox 639 4735 695 4801; x_wconf 83' lang='grc' dir='ltr'>ύμῖν</span> <span class='ocrx_word' id='word_1_576' title='bbox 715 4734 784 4791; x_wconf 87' lang='lat' dir='ltr'>CVB</span> <span class='ocrx_word' id='word_1_577' title='bbox 816 4736 845 4790; x_wconf 87' lang='lat' dir='ltr'>et</span> <span class='ocrx_word' id='word_1_578' title='bbox 871 4735 903 4790; x_wconf 89' lang='lat' dir='ltr'>in</span> <span class='ocrx_word' id='word_1_579' title='bbox 930 4734 984 4791; x_wconf 79' lang='lat' dir='ltr'><strong>lac.</strong></span> <span class='ocrx_word' id='word_1_580' title='bbox 1005 4737 1021 4791; x_wconf 86' lang='grc'>3</span> <span class='ocrx_word' id='word_1_581' title='bbox 1044 4734 1100 4792; x_wconf 85' lang='lat' dir='ltr'><strong>litt.</strong></span> <span class='ocrx_word' id='word_1_582' title='bbox 1124 4734 1192 4790; x_wconf 81' lang='lat' dir='ltr'><strong>add.</strong></span> <span class='ocrx_word' id='word_1_583' title='bbox 1216 4731 1263 4804; x_wconf 79' lang='lat' dir='ltr'>A2]</span> <span class='ocrx_word' id='word_1_584' title='bbox 1289 4749 1345 4788; x_wconf 86' lang='lat' dir='ltr'>om.</span> <span class='ocrx_word' id='word_1_585' title='bbox 1378 4733 1454 4803; x_wconf 83' lang='lat' dir='ltr'><strong>Apr.</strong></span> <span class='ocrx_word' id='word_1_586' title='bbox 1474 4732 1506 4800; x_wconf 84' lang='lat' dir='ltr'>P,</span> 
     </span>
    </p>
   </div>
   <div class='ocr_carea' id='block_1_5' title="bbox 1312 4841 1345 4897">
    <p class='ocr_par' dir='ltr' id='par_1_5' title="bbox 1312 4841 1345 4897">
     <span class='ocr_line' id='line_1_46' title="bbox 1312 4841 1345 4897; baseline 0 -22"><span class='ocrx_word' id='word_1_587' title='bbox 1312 4841 1345 4897; x_wconf 67' lang='lat'>5*</span> 
     </span>
    </p>
   </div>
   <div class='ocr_carea' id='block_1_6' title="bbox 0 0 1812 5318">
    <p class='ocr_par' dir='ltr' id='par_1_6' title="bbox 0 0 1812 5318">
     <span class='ocr_line' id='line_1_47' title="bbox 0 0 1812 5318; baseline 0 0"><span class='ocrx_word' id='word_1_588' title='bbox 0 0 1812 5318; x_wconf 95' lang='lat' dir='ltr'> </span> 
     </span>
    </p>
   </div>
  </div>
 </body>
</html>
