3614 5318
628 529 670 584 Dc
690 528 824 585 codicum
843 531 1026 586 auctoritate.
1438 536 1480 600 35

169 746 277 811 γονιες
292 725 351 791 On
374 732 482 791 autem
499 733 611 792 natum
627 733 675 792 est
699 749 738 792 ex
761 730 805 794 ἔτι
821 729 986 814 φεύγοντες
1001 728 1031 793 Η
1053 729 1109 809 (ex
1132 730 1329 795 correctione
1344 727 1481 796 fortasse

171 867 221 990 tait
236 928 281 998 >
295 919 323 989 τ’
335 921 411 1005 ἐπι),
429 924 514 1008 qnod
530 924 639 1009 prodit
653 924 827 989 insiticium
843 925 921 990 illud
937 947 981 990 τε.
996 961 1037 970 —
1051 927 1127 1012 ὑπὲρ
1142 926 1260 1012 κρητην
1275 927 1309 991 Η
1324 955 1360 978 =
1378 928 1482 1008 „ultra

171 1019 340 1085 Orctem“:
370 1023 413 1098 εἰς
440 1022 557 1108 κρητην
581 1041 612 1104 υ,
641 1022 972 1107 interpretamentum.
997 1060 1040 1070 —
1065 1023 1084 1104 β
1108 1027 1129 1087 4
1156 1025 1190 1091 έν
1217 1025 1348 1090 ἀπίπτω
1370 1024 1410 1108 H,
1440 1025 1480 1091 of.

169 1118 299 1183 Arriau.
345 1118 451 1183 Anab.
469 1119 503 1183 H
523 1121 570 1184 10.
588 1123 623 1184 4:
648 1121 681 1186 ἐν
704 1119 897 1207 συνδπτ(ρ)ω
921 1140 951 1185 υ.
977 1158 1018 1165 -
1041 1123 1200 1207 γενόμενοι
1223 1122 1258 1186 in
1280 1122 1313 1186 H
1336 1121 1482 1188 luculen-

897 1260 936 1307 σιτ

172 1315 332 1378 tissimum
348 1322 406 1397 est,
435 1337 554 1400 exque
576 1316 676 1400 γένοις
693 1314 782 1397 (tort.
807 1338 847 1380 cx
861 1339 915 1401 χεν
935 1353 972 1379 z
991 1317 1178 1403 γενομένοις)
1203 1316 1309 1403 capr.
1331 1316 1428 1400 (corr.
1446 1319 1482 1402 2)

175 1414 214 1490 >
232 1407 263 1496 γ’
277 1413 310 1478 έν
333 1411 376 1491 οίς
399 1413 481 1491 Ρ>
499 1414 533 1478 ἐν
555 1412 599 1491 οίς
622 1413 710 1494 V>
727 1415 907 1501 ἐφερόμεθα
930 1417 963 1481 ἐν
990 1413 1034 1492 οίς
1057 1415 1094 1479 Β.
1118 1450 1155 1459 -
1172 1413 1228 1496 §5
1258 1416 1300 1493 ὡς
1324 1416 1426 1502 διέβην
1449 1417 1482 1480 Η

175 1510 260 1574 idem
285 1515 383 1594 atque
406 1510 573 1576 διέπλευσα
596 1512 638 1588 είς
661 1511 765 1597 ῥέδονε
790 1512 831 1588 ῶς
855 1514 1011 1598 ἀφικόμην
1034 1532 1065 1595 a,
1089 1513 1259 1597 glossema.

261 1605 289 1669 Η
313 1609 428 1672 ceteris
452 1630 580 1693 quoque
604 1609 757 1693 epistolis,
788 1630 871 1693 quae
895 1609 1059 1675 aBlassio
1089 1611 1266 1675 secundum
1287 1612 1320 1677 H
1343 1613 1483 1677 maxime

172 1706 350 1769 recensitae
374 1710 459 1785 sunt,
487 1707 643 1770 nonnulla
665 1706 718 1770 hic
741 1707 839 1771 liccat
866 1708 997 1772 afferre:
1026 1707 1078 1771 III
1104 1711 1118 1772 l
1145 1709 1271 1794 ἐπείπερ
1294 1711 1377 1790 ἅπαξ
1398 1711 1432 1775 Η
1447 1737 1484 1764 --

175 1801 478 1887 „quandoquidem“
519 1805 648 1888 saepius
689 1803 775 1888 apud
818 1802 1005 1869 Platonem:
1050 1805 1132 1884 ἅπαξ
1168 1807 1258 1871 velut
1301 1829 1340 1872 ex
1387 1808 1484 1874 ditto-

172 1900 309 1985 graphia
331 1907 437 1964 ortum
458 1900 681 1985 (subsequitur
704 1902 790 1966 enim
811 1900 957 1984 ἀναξίως)
978 1923 1040 1965 om.
1066 1921 1095 1966 υ.
1119 1939 1161 1947 -
1182 1902 1230 1967 VI
1253 1905 1270 1968 δ
1293 1906 1423 1990 κομίσας
1438 1906 1482 1987 Η,

171 1999 382 2082 epistolarum
405 1999 478 2062 usui
502 1999 707 2080 conveniens,
733 2000 773 2064 cf.
798 1997 1064 2081 Krihner-Gerth‚
1091 1998 1235 2064 Gramm.
1261 2001 1375 2067 Graec.
1398 2003 1484 2068 111⁸

1107 2123 1127 2173 o

173 2215 204 2278 p.
232 2194 293 2257 168
318 2216 365 2258 n.:
390 2192 407 2255 ὁ
429 2193 567 2280 κομίζων
590 2215 620 2259 ιι.
644 2231 685 2239 -
707 2195 854 2282 ἡμῖνκαὶ
877 2199 917 2260 τὰ
939 2195 987 2259 H:
1011 2197 1129 2282 ἡμῖνω
1152 2195 1190 2276 (ῶ
1213 2195 1286 2276 AV)
1310 2197 1363 2262 καί
1378 2202 1425 2263 τὰ
1451 2217 1482 2263 o.

723 2319 743 2368 θ

172 2388 358 2454 Relativnm
382 2389 407 2475 ᾧ
423 2390 456 2454 iu
472 2391 543 2471 AV,
560 2392 646 2477 quod
662 2413 702 2455 ex
718 2413 743 2456 ω
758 2419 795 2444 z
810 2389 836 2456 ὧ
852 2389 960 2478 ἄνδρες
976 2392 1122 2478 ἀβηναῖοι
1139 2387 1180 2472 (ί)
1204 2392 1236 2456 iu
1255 2390 1281 2457 O
1297 2412 1484 2476 expressum

172 2492 231 2567 est,
259 2488 531 2552 constructionem
546 2489 719 2554 verborum
743 2490 838 2553 valde
860 2488 1049 2574 languidam
1065 2490 1185 2570 reddit3
1209 2495 1353 2554 creatum
1376 2495 1484 2555 antem

171 2584 300 2648 videtur
315 2585 570 2650 additamentum
585 2588 664 2651 illud
677 2609 717 2651 ex
728 2588 926 2651 correctione
939 2586 1149 2672 (πρεπόντ)ως
1160 2589 1252 2652 verbi
1266 2588 1484 2654 antecedentis

171 2705 202 2767 q.
229 2702 255 2746 e.
284 2682 411 2769 πρέπων
441 2684 475 2747 in
504 2684 607 2756 codd„
642 2684 732 2748 cuius
764 2685 835 2749 loco
863 2684 1017 2749 Reiskius
1050 2683 1131 2766 (non
1159 2684 1384 2767 Marklandus)
1418 2687 1485 2751 acri

172 2780 303 2864 ingenio
335 2781 473 2846 restituit
502 2783 689 2867 πρεπόντως.
720 2819 762 2827 -
791 2784 898 2868 ἔρημοι
927 2782 1025 2868 φίλων
1053 2781 1146 2867 ἐσμέν
1160 2783 1217 2847 Ἠι
1249 2781 1362 2869 ἔρημον
1385 2784 1484 2868 φίλων

174 2877 327 2964 ὑπέλαβεν
359 2898 390 2959 a,
423 2881 586 2964 glossema
614 2901 653 2943 ex
684 2880 828 2966 ὑποδέξῃ.
853 2916 895 2924 -
919 2880 984 2944 VII
1010 2884 1024 2944 1
1058 2877 1130 2946 ἀλλ’
1161 2882 1284 2967 ἀτυχῶν
1317 2880 1409 2966 Hm,
1442 2882 1482 2945 cf.

172 2979 227 3039 καί
257 2987 314 3061 τῆς
346 2975 423 3059 (om.
449 2978 482 3059 υ)
513 2978 658 3064 πατρίδος
689 2975 905 3064 ἐστερημένοςε
938 2978 1022 3043 ἀλλὰ
1055 2981 1149 3064 τυχδν
1184 2997 1215 3058 α,
1250 2978 1365 3041 litteris
1400 2980 1484 3042 male

173 3073 341 3138 distinctis.
367 3111 409 3119 -
434 3075 454 3138 3
478 3075 521 3153 εἰς
547 3078 583 3142 τδ
607 3072 816 3161 δεσμωτήριον
843 3075 897 3141 τὸν
920 3076 1040 3160 πατέρα
1067 3098 1124 3140 σου
1148 3075 1190 3158 Η,
1220 3075 1386 3139 collocatio
1411 3096 1484 3140 ver·
1566 3149 1568 3152 ¹

173 3172 288 3236 borum
316 3172 443 3238 fortior:
472 3176 525 3240 τὸν
552 3174 672 3260 πατέρα
698 3196 755 3239 σου
779 3175 821 3252 εἰς
848 3176 884 3239 ιδ
912 3174 1121 3259 δεσμωτήριον
1144 3191 1175 3256 α,
1204 3173 1289 3259 quod
1316 3180 1485 3259 praeterea

173 3269 297 3334 hiatum
322 3270 423 3335 efficit
445 3273 478 3335 in
501 3271 563 3336 hac
586 3273 717 3357 quidem
741 3272 876 3357 epistole
899 3293 963 3335 non
979 3272 1200 3352 tolerandum3
1225 3271 1264 3336 de
1287 3294 1351 3357 qno
1373 3272 1485 3336 videas

173 3366 260 3430 infra
282 3389 313 3452 p.
339 3370 391 3433 38.
417 3405 459 3413 -
483 3372 531 3434 σοί
555 3368 589 3435 δέ
610 3418 617 3434 .
640 3369 859 3455 ..δισχιλίων
882 3371 1028 3456 δραχμῶν
1052 3370 1307 3456 συνηταιρηκέναι
1330 3381 1393 3448 τοῖς
1415 3373 1485 3455 περί

172 3465 324 3551 τίμαρχον
347 3467 435 3546 νέοις,
460 3469 497 3531 οὐ
518 3471 609 3533 κοινὰ
630 3463 716 3532 ταῦτ’
737 3466 813 3533 είνοιι
829 3471 905 3553 πρδς
921 3468 1134 3553 θεμιστοκλέα
1157 3470 1210 3532 καί
1234 3465 1406 3553 ἀριστείδην
1423 3513 1432 3529 .
1449 3515 1484 3532 ..

174 3563 386 3650 ὑπολαμβάνω
409 3564 459 3628 H:
482 3565 531 3630 σοί
554 3565 588 3630 δὲ
612 3613 619 3628 .
646 3612 653 3628 .
679 3612 687 3628 .
710 3566 886 3652 τρισχιλίων
911 3568 1058 3652 δραχμῶν
1080 3569 1137 3650 τὴν
1160 3568 1263 3651 ἀκμὴν
1286 3561 1485 3650 ἡταιρηκέναι

172 3673 239 3738 τοῖς
265 3665 334 3749 περί
361 3661 510 3750 τίμαρχον
541 3664 629 3744 νέοις,
662 3666 752 3728 κοινὰ
784 3660 871 3729 ταῦτ’
904 3663 991 3747 εἶναι,
1020 3667 1056 3729 οὐ
1083 3675 1147 3740 τοῖς
1176 3666 1246 3748 περί
1274 3661 1485 3747 δεμιστοκλέα

170 3760 389 3845 ηάριστείδην
420 3808 428 3824 .
462 3810 470 3827 .
501 3808 511 3824 .
546 3761 755 3847 ὑπολαμβάνω
779 3781 809 3825 ιι.
856 3762 951 3826 Unde
986 3762 1130 3828 Blassius
1155 3797 1196 3805 —
1220 3797 1263 3804 -
1294 3763 1350 3844 τὴν
1382 3761 1485 3845 ἀκμὴν

174 3858 373 3942 ἡταιρηκέναι
402 3860 478 3945 πρὸς
505 3863 577 3937 τοὺς
603 3863 672 3944 περί
699 3862 847 3946 τίμαρχον
875 3859 970 3940 νέους,
999 3863 1089 3926 κοινὰ
1115 3854 1201 3922 ταῦτ’
1230 3858 1316 3940 είναι,
1348 3859 1385 3920 οὐ
1413 3860 1486 3936 τοὺς

172 3959 243 4040 περί
267 3991 309 4001 -
333 3991 375 4000 -
392 3958 509 4039 elicuit,
534 3959 620 4043 quod
643 3956 735 4021 nihili
755 3964 813 4040 est,
837 3979 911 4022 cum
931 3958 1093 4041 Melanopi
1116 3977 1241 4020 amores
1264 3955 1306 4020 ad
1321 3955 1487 4020 Timarchi
1578 4014 1581 4024 .

174 4055 278 4118 socios
301 4055 492 4138 pertineant,
524 4055 748 4120 Themistoclis
773 4060 881 4119 autem
905 4061 942 4119 ct
969 4054 1034 4135 (καί
1058 4054 1156 4118 etiam
1179 4055 1213 4118 in
1234 4053 1252 4135 β
1275 4051 1310 4135 2)
1333 4053 1485 4119 Aristidis

172 4151 306 4215 fortuna
336 4173 409 4216 cum
433 4153 602 4218 Aeschinis
633 4159 664 4217 ct
688 4153 853 4238 Melanopi
885 4157 969 4217 sorte
1002 4157 1220 4237 comparetur:
1257 4149 1290 4216 οἱ
1315 4155 1398 4238 περί
1429 4153 1485 4216 δε·

175 4249 344 4334 μιστοκλέα
355 4250 411 4315 ιιτὲ
422 4251 551 4314 omnino
565 4273 629 4315 non
640 4256 861 4315 numerantur.
890 4250 1083 4335 Συνεταιρεῖν
1094 4270 1151 4314 τινι
1164 4249 1214 4329 (z
1220 4249 1265 4330 Η)
1278 4255 1386 4314 autem
1398 4250 1484 4313 inso-

174 4344 268 4410 litum
284 4348 424 4433 quidem,
443 4348 575 4412 minime
595 4354 704 4413 tamen
726 4350 898 4413 molestum
922 4353 984 4427 est3
1008 4347 1092 4411 idem
1111 4347 1150 4411 de
1167 4351 1223 4432 τὴν
1239 4348 1342 4433 ἀκμὴν
1357 4347 1485 4432 ἑταιρεῖν

171 4467 233 4509 τινι
248 4447 297 4524 (Ξ
312 4447 347 4528 α)
363 4447 459 4528 valet,
481 4467 554 4510 cum
569 4450 626 4531 τὴν
641 4447 744 4532 ἀκμὴν
760 4455 947 4531 συνεταιρεῖν
961 4467 1019 4510 τινι
1035 4443 1154 4530 (vulg.)
1170 4445 1320 4509 videatur
1334 4445 1486 4508 vitiosum

175 4563 255 4607 esse.
302 4544 410 4616 Quare
443 4545 563 4608 codicis
589 4544 623 4607 H
654 4545 749 4608 lectio
779 4545 916 4626 integra,
949 4543 1068 4629 quippe
1092 4565 1175 4628 quae
1204 4563 1300 4607 sensu
1323 4541 1486 4625 flagitetur

176 4646 208 4703 et
230 4641 372 4706 hiatibus
396 4647 513 4722 careat,
538 4642 723 4726 recipienda
744 4647 801 4705 est.
824 4677 857 4686 —
887 4643 908 4705 4
929 4643 998 4727 ὑμῖν
1014 4643 1048 4707 δὲ
1063 4641 1107 4722 Η,
1129 4640 1290 4706 contrario
1311 4635 1484 4725 μελανῶπιμ

174 4740 232 4822 μέν
260 4740 415 4823 poscitur:
449 4743 512 4806 νυνί
541 4741 575 4804 δὲ
603 4759 638 4818 α;
668 4741 747 4803 item
773 4749 829 4824 τῆς
861 4739 915 4824 μέν
943 4738 1062 4817 εὐνοίας
1093 4738 1127 4803 H
1153 4743 1285 4824 propter
1312 4737 1485 4822 insequens

1374 4840 1405 4896 3*
