3614 5318
687 477 947 532 1111110111,
1428 481 1468 544 61

160 679 278 743 δίαιταν
301 713 342 722 -
367 677 423 741 καί
451 676 634 760 πρεπόντως
653 676 738 761 ἡμῖν,
762 679 816 741 καί
838 676 878 740 τά
898 675 981 740 ἄλλα
1006 677 1206 761 συμπράξεις,
1232 675 1274 752 ώς
1298 676 1401 761 μάθη,
1423 678 1470 741 ότι

159 779 196 841 οὐ
227 774 390 851 παντελῶς
425 777 538 858 ἔρημοι
575 775 673 858 φίλων
705 773 809 859 ἐσμέν,
842 769 912 839 ἀλλ’
939 776 1005 838 ἔστι
1032 795 1077 850 τις
1103 769 1285 858 Ἀθὴνησιν
1317 771 1470 859 Αἰσχίνου

161 871 268 959 μνὴμη
293 874 349 937 καί
372 871 474 957 λόγος.
801 953 822 1021 ξ

345 1047 567 1100 ΑΙΣΧΙΝΗΣ
603 1048 681 1099 ΤΗΙ
716 1046 883 1099 ΒΟΥΛΗΙ
919 1047 997 1098 ΚΑΙ
1033 1045 1289 1113 Temnum.

132 1174 145 1215 5
249 1154 437 1243 Ἐπυθόμην
452 1159 492 1220 τὰ
513 1155 654 1241 ῥηθέντα
674 1151 955 1241 Μελανώπῳζπρός
971 1157 1061 1242 ὑμᾶς,
1083 1159 1139 1221 καί
1159 1157 1217 1241 τὴν
1238 1158 1294 1242 μὲν
1317 1156 1471 1242 ὑμετέραν

160 1256 363 1341 ἀπεδεξάμην
396 1254 652 1339 φιλανθρωπίαν·
681 1251 866 1339 Μελανώπῳ
900 1255 935 1319 δέ
962 1257 1021 1319 οῦκ
1053 1254 1240 1319 ἐπανελθών
1271 1254 1363 1340 μόνον
1392 1256 1471 1337 πρός

160 1357 243 1440 ὑμᾶς
270 1352 385 1438 νομίζω
411 1363 475 1428 τοῖς
505 1350 702 1437 βεβιωμένοις
734 1353 818 1436 αὐτῷ
849 1351 1033 1436 πρέπουσαν
1059 1351 1237 1418 ἀποδώσειν
1264 1354 1368 1438 χάριν,
1401 1349 1472 1416 ἀλλ’

162 1452 288 1536 ἀτυχῶν
317 1451 362 1513 έτι
392 1452 448 1514 καί
482 1458 540 1532 της
574 1448 722 1533 πατρίδος
746 1449 960 1534 ἐστερημένος,
988 1452 1073 1535 όμως
1107 1449 1246 1533 ἀρκέσαι
1268 1451 1472 1534 πειράσομαι.

162 1550 225 1632 ἐγὼ
247 1549 321 1632 γάρ,
345 1543 574 1624 ώΜελάνωπε,
600 1549 685 1611 κατὰ
709 1548 850 1632 μὲντοὺς
873 1547 984 1632 νόμους
999 1548 1143 1633 ὁμολογῶ
1166 1547 1265 1632 ταώτη
1283 1547 1506 1632 κεχρῆσθαικ

121 1669 148 1712 10
161 1655 199 1730 τῇ
223 1654 380 1730 συμφορᾷ,
404 1644 484 1730 φημί
502 1643 604 1728 μέντοι
625 1643 756 1730 βοηθῶν
776 1655 839 1720 τοῖς
859 1644 964 1730 νόμοις
977 1654 1077 1710 ταῦτα
1091 1643 1297 1722 πεπονθέναι,
1321 1647 1377 1709 καί
1391 1645 1471 1728 ὑπὲρ

160 1750 214 1807 τοῦ
238 1742 359 1827 μηδένα
383 1743 620 1826 στεφανοῦσθαι
642 1737 720 1826 παρ’
747 1745 859 1819 αὐτοὺς
894 1743 1122 1828 ἀγωνιζόμενος
1155 1745 1227 1818 τοὺς
1249 1742 1375 1828 νόμους.
1404 1742 1472 1828 έμοί

161 1842 216 1925 μέν
241 1836 295 1904 οὖν
319 1841 353 1904 τό
378 1839 648 1925 δεδυστυχηκέναι
671 1839 899 1925 πολιτευομένῳ
922 1840 1026 1907 κοινόν
1054 1842 1121 1905 ἐστι
1143 1842 1221 1924 πρός
1248 1837 1469 1926 Θεμιστοκλέα

159 1939 214 2001 καί
235 1933 438 2021 Ἀριστείδην
466 1939 521 2000 καί
544 1936 678 2013 πολλοὺς
702 1936 818 2013 ἀλλους
844 1947 906 2003 τῶν
934 1937 1163 2023 λαμπροτάτων
1190 1939 1265 2002 ποτὲ
1294 1940 1326 2002 ἐν
1349 1947 1387 2022 τῇ
1415 1937 1471 2003 πό·

159 2036 207 2099 λει
230 2034 420 2119 γενομένων·
455 2037 504 2099 σοί
532 2035 567 2099 δέ
594 2036 629 2099 τό
659 2034 750 2120 μέχρι
777 2037 832 2120 μέν
859 2036 939 2121 χθές
966 2034 1020 2100 καί
1047 2035 1168 2120 πρώην,
1197 2035 1507 2121 θεσμοθετοῦντος3

118 2171 145 2212 15
160 2134 224 2217 ἡδη
251 2141 319 2214 σοῦ,
342 2135 536 2216 προεστάναι
563 2133 620 2216 τὴν
645 2132 775 2218 μητέρα,
798 2135 863 2218 τρίς
891 2134 926 2198 δέ
950 2135 1095 2219 ἐμπεσεῖν
1123 2133 1166 2209 είς
1192 2134 1227 2197 τό
1251 2131 1470 2218 δεσμωτήριον

160 2234 212 2296 τόν
241 2231 364 2315 πατέρα
392 2239 460 2314 σοῦ,
490 2233 526 2295 σέ
560 2231 595 2294 δὲ
620 2230 787 2315 πραθέντα
823 2232 984 2317 δισχιλίων
1017 2233 1169 2317 δραχμῶν
1202 2229 1472 2315 συνηταιρηκέναι

160 2339 222 2405 τοῖς
251 2330 322 2412 περί
350 2329 514 2414 Τίμαρχον
540 2328 629 2405 νέοις,
659 2331 696 2392 οὐ
718 2332 809 2394 κοινὰ
832 2338 930 2395 ταῦτα
963 2328 1041 2395 είναι
1064 2330 1142 2413 πρός
1169 2325 1387 2414 Θεμιστοκλέα
1416 2329 1472 2391 καί

160 2423 359 2511 Ἀριστείδην
388 2429 441 2492 τόν
468 2426 591 2491 δίκαιον
619 2426 845 2513 ὑπολαμβάνω.
875 2427 959 2492 ἀλλὰ
985 2426 1169 2512 Μελανώπῳ
1203 2427 1258 2510 μὲν
1287 2422 1390 2507 αὖθις,
1415 2425 1508 2503 tem

161 2526 229 2608 ὑμῖν
252 2543 327 2590 ποτε
352 2524 440 2608 δόξη,
464 2523 647 2608 διαλέξομαι
669 2524 792 2608 παρών·
817 2527 887 2610 ὑμῖν
912 2526 947 2590 δέ
970 2535 1027 2609 της
1055 2527 1111 2611 μέν
1134 2521 1264 2600 εὐνοίας,
1294 2523 1334 2607 ἡν
1363 2521 1473 2588 ἀπόντι

119 2649 146 2693 20
161 2645 210 2708 μοι
235 2621 432 2706 παρέχεσθε,
455 2620 665 2705 θορυβοῦντες
692 2623 741 2686 ἀεί
765 2625 819 2686 καί
843 2623 886 2708 μὴ
908 2623 1057 2700 θέλοντες
1080 2622 1270 2706 ἀκροᾶσθαι
1289 2626 1351 2685 τῶν
1367 2620 1470 2684 λοιδο-

251 2801 265 2853 1
283 2799 432 2863 πρεπόντως
452 2795 487 2851 ci.
498 2796 530 2851 R.
552 2793 605 2863 BL]
615 2797 718 2860 πρέπων
738 2794 762 2850 Η
780 2815 799 2850 ιι
817 2796 899 2853 edit.
924 2781 957 2835 -ἓ
976 2798 1036 2863 ἡμῖν
1054 2801 1100 2850 καί
1119 2797 1145 2853 Η
1164 2797 1197 2852 R.
1217 2796 1271 2865 BL]
1290 2797 1350 2862 ἡμῖν
1370 2742 1408 2846 d·
1426 2797 1474 2846 καί

162 2880 208 2944 (=
217 2880 276 2945 ἡμῖν
295 2873 316 2929 ώ
336 2877 461 2943 αθηναῖοι
482 2875 540 2942 καί)
570 2874 599 2943 C,
626 2876 700 2941 ἡμῖν·
725 2870 811 2927 ώκαί
834 2875 932 2932 APVB
951 2877 1033 2933 editt.
1062 2908 1095 2916 —
1124 2880 1255 2943 βέρημον
1272 2893 1290 2930 α
1308 2874 1392 2930 editt.
1412 2889 1474 2930 exc.

163 2959 203 3014 BL
227 2988 260 2996 -
280 2959 357 3024 έσμέν
376 2956 413 3026 Η]
437 2957 563 3020 ὑπέλαβεν
580 2972 599 3009 ο
617 2954 683 3010 Tur.
703 2954 747 3012 Fr.
766 2956 818 3023 W.‚
837 2958 977 3020 ὑπεδέξατο
997 2967 1013 3009 ς
1032 2957 1091 3026 BL,
1111 2957 1168 3013 del.
1187 2956 1230 3012 BL
1249 2989 1285 2996 -
1302 2957 1356 3006 ἔστι
1369 2953 1474 3009 ΗΙῙΒς

161 3037 205 3108 B.]
225 3041 294 3090 έστιν
314 3037 342 3105 O,
361 3038 429 3088 ἔστιν
449 3037 488 3086 ἔτι
506 3035 554 3091 ΑΡ
573 3033 625 3089 Bk.
646 3049 688 3104 sq.
708 3064 742 3073 -
761 3035 778 3088 3
796 3037 878 3102 λόγος
896 3040 943 3088 καί
961 3039 1047 3104 μνὴμη
1066 3037 1167 3094 collon.
1186 3034 1284 3092 APVB
1304 3033 1387 3089 editt.

249 3132 294 3186 ορ.
318 3116 376 3172 VIL
406 3118 523 3182 αἰσχίνης
550 3120 583 3182 τη
602 3115 682 3181 βουλῆ
700 3119 747 3166 καί
764 3121 802 3167 τῶ
821 3119 895 3183 δήμω
912 3117 1000 3173 inser.
1028 3117 1055 3176 H
1073 3115 1127 3187 BL]
1147 3131 1203 3172 om.
1221 3133 1248 3184 a,
1275 3120 1308 3182 τῇ
1326 3114 1407 3180 βουλῇ
1426 3116 1474 3164 καί

161 3205 197 3266 τῷ
216 3201 289 3265 δημῳ
309 3207 324 3248 ς
343 3196 425 3252 editt.
453 3219 491 3233 -ε
517 3191 536 3266 β
556 3193 581 3250 1.
609 3195 682 3249 ὀτῶ
701 3196 846 3261 μελανῶπω
865 3196 943 3266 Apr.
971 3198 1020 3263 (τῶ
1037 3197 1139 3253 indux.
1159 3196 1187 3263 2)
1214 3194 1262 3250 PV
1282 3193 1349 3250 Tur.
1374 3192 1418 3249 Fr.
1439 3223 1472 3231 -

161 3282 177 3333 6
196 3280 350 3344 μελάνωπον
368 3279 398 3329 δὲ
416 3275 477 3344 ΗΡ,
495 3308 530 3318 -
549 3274 604 3327 οὐδ’
629 3277 667 3345 Α,
695 3306 728 3314 -
746 3278 810 3341 πρὸς
828 3278 894 3343 ὑμᾶς
913 3290 969 3334 om.
989 3277 1037 3333 VB
1055 3277 1088 3334 R.
1109 3293 1152 3348 sq.
1172 3304 1206 3315 -
1225 3279 1240 3331 7
1264 3277 1375 3341 νομίζων
1393 3273 1420 3329 V
1438 3303 1471 3312 -

161 3358 222 3410 ἀλλ’
249 3359 351 3424 ἀτυχῶν
382 3354 447 3424 HA]
475 3353 528 3423 BL]
558 3355 630 3407 ἀλλὰ
656 3358 735 3422 τυχὸν
761 3374 780 3411 ο
807 3356 889 3413 editt.
917 3387 953 3396 -
979 3361 996 3414 8
1021 3364 1068 3425 τὴς
1095 3372 1151 3413 om.
1180 3374 1199 3411 ιι
1217 3355 1283 3412 Tur.
1303 3354 1349 3415 Fr.
1368 3353 1410 3408 W.
1439 3384 1472 3393 -

160 3508 217 3580 §B
239 3513 254 3566 9
273 3511 328 3576 έγῶ
344 3511 405 3576 γάρ,
425 3504 446 3559 ώ
465 3505 615 3574 μελάνωπε]
634 3512 671 3558 τῶ
689 3510 740 3575 γὰρ
760 3509 905 3574 μελανώπω
924 3509 949 3565 Η
968 3510 1004 3566 cf.
1022 3510 1112 3581 praet.
1132 3527 1159 3580 p·
1175 3513 1210 3565 36
1235 3536 1268 3545 —
1290 3508 1323 3562 10
1338 3436 1426 3556 titii]
1453 3504 1473 3560 Ο

160 3605 202 3659 pr.
217 3593 346 3639 -ταῦτα
362 3594 416 3651 τοῖς
425 3590 514 3654 νόμοις
529 3586 629 3642 collon.
638 3604 657 3641 a
667 3588 750 3655 (corr.
764 3587 810 3658 122)
822 3588 914 3644 ςΤυι.
928 3604 1010 3660 sq.-
1020 3588 1114 3658 ταῦτα]
1128 3589 1209 3655 ταῦτη
1222 3588 1309 3658 Aps„
1323 3600 1394 3642 corr.
1411 3589 1423 3639 1
1440 3613 1473 3623 -

160 3671 207 3720 καί
225 3669 288 3733 ῦπέρ
307 3672 353 3718 τοῦ
371 3671 470 3734 μηδένα
498 3666 692 3732 στεφανοῦσθαι
711 3680 766 3722 om.
795 3667 821 3723 H
876 3699 909 3707 —
958 3674 989 3725 ll
1017 3671 1078 3733 τοῦς
1096 3672 1190 3735 νόμους
1215 3682 1271 3723 om.
1289 3685 1308 3720 a
1326 3665 1410 3721 editt.
1438 3692 1472 3701 -

164 3749 195 3802 12
215 3749 283 3799 ἐστιν
302 3746 323 3802 C
341 3776 375 3784 -
394 3748 610 3813 θεμιοτοκλὴνΑ
631 3773 663 3784 -·
686 3748 717 3801 13
731 3747 829 3810 ἄλλους
844 3749 961 3813 πολλοὺς
973 3749 1074 3806 eolloe.
1087 3766 1106 3803 a
1117 3747 1201 3804 editt.
1222 3775 1255 3786 -
1277 3750 1310 3802 14
1321 3747 1474 3812 ἡγουμένων

91 3842 95 3846 ’
162 3827 191 3896 0,
209 3825 383 3893 γινομένωνΡ
402 3856 435 3864 -
455 3824 513 3897 §3-
533 3829 608 3893 μέχρι
621 3827 666 3892 μέν
679 3825 763 3896 Ppr.,
781 3829 827 3892 μέν
845 3831 920 3895 μέχρι
933 3831 979 3894 μέν
997 3843 1020 3885 ε.
1033 3845 1061 3883 v.
1080 3842 1154 3884 corr.
1173 3827 1199 3895 2,
1218 3830 1264 3893 μέν
1277 3828 1352 3892 μέχρι
1371 3823 1472 3880 eolloe.

161 3909 187 3962 A
205 3907 271 3962 Tur.
286 3905 330 3961 Fr.
369 3935 402 3944 -
441 3910 473 3962 15
492 3912 561 3971 τρεῖς
580 3905 648 3960 δέίί
682 3934 716 3944 -
736 3908 781 3958 τόν
799 3910 900 3974 πατέρα
920 3913 967 3960 σοῦ
985 3911 1023 3972 είς
1040 3910 1071 3960 τὸ
1091 3909 1266 3974 δεσμωτήριον
1290 3906 1472 3974 (δεσμοτὴριον

161 3986 210 4044 VB
223 4002 276 4056 μα,
295 4000 367 4041 corr.
390 3985 416 4052 l)
435 3985 535 4041 collon.
553 4003 572 4040 a
591 3985 674 4042 editt.
694 4000 755 4041 exc.
772 3985 815 4042 BL
829 3987 866 4043 cf.
884 3988 975 4058 praef.
993 4003 1022 4058 p.
1039 3991 1073 4045 35
1093 4018 1126 4027 —
1147 3990 1180 4042 16
1199 3987 1353 4054 πραχθέντα
1370 3984 1419 4042 ΑΡ
1439 4013 1472 4024 -

160 4067 308 4134 τρισχιλίων
324 4083 343 4120 a
361 4064 429 4120 Tur.
449 4064 494 4120 Fr.
515 4064 556 4120 W.
584 4095 618 4106 —
646 4067 693 4132 τὴν
717 4067 804 4132 ἀκμὴν
822 4069 993 4135 ἡταιρηκέναι
1018 4086 1037 4123 ιι
1055 4068 1107 4124 Bk.
1127 4083 1179 4137 sq.‚
1210 4068 1389 4134 ἡταιρηκέναι,
1417 4079 1472 4120 0111.

160 4151 207 4215 τὴν
226 4148 313 4213 ἀκμὴν
325 4145 367 4213 Β,
385 4147 432 4213 τὴν
450 4147 538 4212 ἀκμὴν
551 4148 766 4213 συνηταιρηκίναι
779 4156 803 4215 ς,
819 4149 867 4213 τὴν
877 4149 964 4215 ἀκμὴν
973 4148 1200 4216 καθηταιρηκίναι
1218 4147 1253 4203 ei.
1268 4145 1428 4216 Sauppe-
1440 4147 1471 4199 17

160 4229 224 4293 πρὸς
232 4228 293 4289 τοῦς
302 4229 360 4292 περὶ
370 4228 496 4292 τίμαρχον
505 4227 578 4288 νέους
591 4225 627 4282 ei.
640 4225 682 4280 BL
697 4255 731 4263 —
742 4228 773 4278 od
782 4231 860 4280 κοινά
869 4232 952 4280 ταῦτα
964 4225 1030 4280 εἶναι
1047 4229 1112 4293 πρὸς
1129 4226 1154 4282 Η
1174 4226 1199 4296 ς]
1218 4229 1297 4279 κοινά
1307 4227 1381 4277 ταῦτ’
1398 4222 1473 4291 εἶναι,

161 4309 191 4359 οῦ
210 4313 264 4369 τοις
283 4306 355 4373 (τοὺς
373 4304 428 4372 BL)
455 4307 515 4370 περὶ
537 4321 556 4358 a
573 4303 605 4358 R.
626 4319 678 4374 sq.‚
697 4305 733 4362 cf.
752 4307 842 4376 praef.
861 4323 889 4378 p.
907 4309 942 4364 35
966 4336 1000 4346 -
1022 4310 1070 4359 καί
1089 4306 1115 4362 Η
1134 4317 1150 4359 ς
1167 4307 1200 4362 R.
1218 4305 1273 4376 BL]
1292 4308 1310 4373 ἡ
1327 4323 1346 4360 a
1363 4305 1415 4362 Bk.
1429 4319 1472 4373 sq.

161 4417 194 4426 —
216 4388 248 4442 18
267 4389 377 4438 δοκαιον
394 4387 482 4454 Api„
502 4398 574 4439 corr.
593 4385 611 4437 2
637 4417 673 4427 —
702 4383 760 4454 §L
773 4388 918 4452 μεναλώπω
936 4386 962 4442 V
980 4417 1013 4426 —
1034 4383 1118 4457 αὖθις,
1137 4386 1196 4458 έᾰν]
1216 4390 1248 4439 ἂν
1267 4385 1293 4442 Η
1311 4415 1345 4436 τ-
1357 4388 1390 4440 19
1408 4399 1474 4435 ποτε

161 4464 235 4536 δόξη]
254 4469 331 4533 δοκῇ,
342 4481 406 4536 μω.
432 4479 497 4516 ποτε
523 4480 541 4516 ο
576 4463 643 4519 Tur.
662 4463 707 4521 Fr.
727 4465 769 4521 W.
816 4501 851 4510 -
896 4468 953 4534 ὑμῖν
979 4469 1009 4520 δέ
1027 4465 1089 4537 ΗΡ,
1115 4467 1149 4524 R.
1167 4466 1222 4538 sq]
1249 4468 1303 4518 νυνί
1321 4467 1351 4518 δέ
1368 4482 1387 4519 ιι
1404 4473 1420 4516 ς
1438 4493 1472 4502 -

160 4544 217 4614 τῆς]
236 4545 334 4610 τοῖςίί
362 4576 395 4585 -
425 4546 471 4611 μὲν
499 4557 555 4599 0111.
584 4560 602 4596 a
620 4543 687 4600 Tur.
711 4544 756 4602 Fr.
784 4546 827 4601 W.
855 4578 889 4588 -
909 4547 944 4603 20
960 4548 1110 4614 παρέχεσθε
1133 4547 1159 4603 Η
1187 4548 1234 4616 (ci.
1254 4544 1338 4601 Wolf.
1358 4547 1387 4601 et
1406 4543 1472 4614 Bl.)]

160 4628 326 4694 παρέσχεσθε
343 4643 361 4681 ο
378 4626 412 4682 R.
432 4640 474 4694 sq·
503 4652 537 4662 -
565 4623 608 4673 &tt
627 4622 652 4678 H
671 4623 725 4694 BL]
750 4628 783 4694 δὴ
801 4645 820 4682 a
837 4627 904 4685 Tur.
925 4627 969 4684 Fr.
988 4628 1041 4698 W.‚
1060 4643 1116 4684 om.
1136 4637 1152 4680 ς
1170 4628 1231 4698 BL,
1250 4628 1292 4693 (τε
1310 4625 1346 4681 ci.
1365 4623 1410 4694 R.)
1438 4653 1472 4662 —

161 4707 313 4772 ἀκροᾶσθαι
340 4706 366 4762 Η
393 4705 426 4762 R.
455 4703 510 4775 BL]
538 4703 725 4768 ἀκροάσασθαι
741 4724 760 4763 α
779 4718 794 4759 ς
813 4708 864 4766 Bk.
883 4724 925 4780 sq.
