3614 5318
340 474 384 535 44
706 466 862 521 Aeschinis
880 480 955 535 quae
974 467 1108 522 feruntur
1126 467 1275 538 epistolae.

342 671 450 728 autem
475 664 690 729 correctiones
712 664 841 744 librum,
866 685 906 728 ex
929 687 992 750 quo
1015 667 1133 750 petitae
1154 672 1237 746 sunt,
1262 673 1447 753 corruptum
1463 668 1527 732 iam
1544 670 1644 734 fnisse

342 766 492 846 arguunt,
516 760 651 826 velutV
675 765 694 826 6
718 763 811 847 ἀλῆσι
834 782 893 847 pn,
917 762 1099 848 ἀλωαεκῆσι
1122 765 1155 828 in
1178 785 1242 848 mg.
1261 766 1295 843 23
1319 764 1381 828 Χ]
1407 765 1484 830 δέκα
1503 767 1644 849 γλῶσσαι

343 883 403 947 pr,
420 857 498 923 δέκα
514 860 549 924 δέ
565 855 692 943 στόματ’
708 858 768 925 εἶεν
785 859 857 923 add.
876 862 911 941 23
934 858 984 923 XI
997 860 1015 923 5
1029 859 1199 945 βούλεσθαι
1214 883 1274 946 pr,
1291 861 1497 946 βουλεύεσθαι
1513 885 1595 929 corr.
1610 868 1645 944 23

344 961 384 1025 13
405 957 559 1044 φθονοῦσι
579 979 639 1042 pr,
662 963 808 1043 φρονοῦσι
833 978 914 1022 corr.
932 963 962 1021 2.
1010 956 1117 1030 Quare
1140 959 1198 1022 has
1222 960 1463 1024 emendationes
1487 982 1552 1026 non
1576 963 1646 1026 sine

342 1057 446 1142 pretio
479 1075 549 1118 esse
583 1054 717 1135 eminet,
757 1055 903 1140 quamvis
931 1056 1077 1120 intexta
1105 1057 1327 1122 constituendo
1352 1063 1445 1122 caute
1469 1079 1523 1122 eas
1555 1059 1648 1123 adhi-

342 1161 476 1223 beamus
500 1173 631 1217 necesse
655 1155 704 1216 sit.
1638 1171 1640 1178 ’

430 1341 521 1404 Haec
544 1339 659 1418 habeo,
683 1360 766 1424 quae
790 1341 941 1404 detexta
965 1341 1172 1425 epistolarum
1196 1364 1234 1406 ex
1257 1342 1421 1406 codicibus
1444 1343 1647 1408 emendando

342 1443 457 1505 dicam.
505 1437 589 1500 Illud
613 1442 721 1500 autem
744 1437 861 1500 iterum
884 1438 1081 1502 monendum
1104 1445 1161 1518 est,
1185 1461 1244 1503 nos
1267 1441 1300 1503 in
1325 1439 1363 1502 iis
1387 1439 1538 1524 epistolis,
1563 1461 1648 1524 quae

344 1537 497 1603 accdice
520 1533 553 1597 Η
577 1534 703 1613 absunt,
738 1534 907 1600 utilissimo
936 1535 1120 1600 adiumento
1149 1537 1317 1600 destitutos
1346 1557 1427 1616 esse,
1450 1537 1534 1622 quod
1559 1537 1648 1602 haud

343 1657 418 1700 raro
442 1653 539 1717 aegre
563 1631 792 1696 desideremus.
839 1632 911 1696 Non
927 1633 1022 1718 pauci
1039 1635 1124 1697 enim
1140 1633 1348 1698 inveniuntur
1369 1634 1462 1713 loci,
1487 1655 1648 1720 quorum

343 1727 558 1814 comptollo
591 1751 635 1793 ex
667 1729 866 1794 codicibus
897 1731 1049 1815 quidem
1073 1732 1218 1795 mederi
1242 1732 1394 1796 omnino
1418 1753 1491 1795 non
1514 1753 1648 1816 possu-

342 1853 432 1896 mus
461 1829 567 1913 Atque
584 1833 634 1891 sat
649 1834 698 1891 est
713 1828 912 1912 cognovisse,
927 1828 1085 1893 librorum
1101 1829 1296 1894 deteriorum
1311 1829 1465 1893 lectiones
1481 1836 1649 1914 tamquam

344 1929 544 1994 coniecturas
559 1926 701 1989 virorum
718 1926 885 1990 doctorum
901 1927 1124 1990 auctoritatem
1141 1947 1205 1990 non
1228 1927 1358 2007 habere,
1382 1927 1519 2010 vestigia
1542 1927 1649 2012 potius

346 2027 507 2112 genuinae
530 2024 706 2088 memoriae
729 2025 906 2109 premenda
928 2045 1009 2104 esse,
1034 2044 1116 2107 quae
1140 2025 1172 2088 in
1198 2025 1267 2088 cod.
1285 2022 1371 2106 (ΚΔ)
1386 2024 1438 2087 hic
1454 2024 1519 2087 illic
1536 2045 1649 2108 super-

345 2130 433 2203 sunt,
458 2143 531 2186 curn
555 2121 656 2185 codex
678 2121 708 2184 A
732 2128 828 2205 atque
851 2123 948 2185 etiam
978 2123 1081 2204 magis
1105 2122 1174 2186 cod.
1201 2121 1229 2184 V
1255 2129 1378 2186 textum
1401 2115 1650 2206 interpolatione

344 2227 504 2286 mutatum
538 2219 724 2303 praebeant.
787 2218 880 2290 Quod
916 2241 988 2282 cum
1031 2218 1169 2282 editores
1211 2219 1315 2284 adbuc
1351 2225 1549 2304 compertum
1583 2240 1649 2282 non

344 2319 510 2398 haberent,
546 2318 579 2379 in
603 2321 692 2380 textu
716 2317 917 2380 emendando
941 2313 1095 2401 persaepe
1119 2325 1342 2401 peccaverunt,
1379 2319 1526 2401 quamvis
1550 2339 1651 2400 sagax

347 2423 444 2501 atque
459 2415 629 2499 perspicax
646 2414 771 2477 animus
783 2413 903 2492 Wolfii,
919 2413 1111 2492 Marklandi‚
1128 2414 1264 2495 Reiskii,
1281 2416 1496 2480 recentiorum
1512 2415 1650 2478 feliciter

345 2512 448 2577 multa
483 2511 617 2574 sanavit.
672 2509 831 2595 Equidem
865 2511 1035 2575 nonnullos
1070 2512 1167 2580 locos¹
1191 2513 1322 2592 tentavi,
1369 2513 1409 2576 de
1444 2513 1560 2596 quibus
1595 2533 1650 2576 oc-

345 2611 473 2674 casione
498 2609 572 2672 data
599 2609 711 2692 paucis
734 2607 785 2672 hic
813 2609 1037 2694 exponendum
1062 2610 1199 2690 videtur,
1224 2631 1328 2694 neque
1355 2616 1463 2673 tamen
1489 2609 1648 2690 omnibus,

344 2709 428 2772 inter
451 2727 532 2791 quos
554 2726 685 2789 prorsus
709 2705 870 2792 desperati
894 2707 1106 2791 reperiuntur,
1130 2708 1323 2772 medicinam
1348 2709 1464 2771 afferre
1487 2709 1587 2792 potui.

434 2808 541 2888 Atque
552 2805 693 2888 primum
708 2805 740 2867 in
754 2825 889 2868 examen
905 2826 986 2868 voco
1002 2805 1108 2869 locum
1120 2805 1167 2868 IV
1179 2807 1210 2886 6,
1227 2806 1317 2869 cuius
1334 2806 1492 2868 sententio
1508 2805 1649 2868 difficilis

344 2904 510 2969 intellectu
531 2901 638 2965 verbis
662 2903 707 2965 sic
724 2903 901 2967 coniunctis
917 2909 1029 2988 aperta
1046 2910 1107 2966 est:
1131 2904 1229 2968 πλείω
1245 2905 1299 2988 μέν
1317 2905 1353 2967 οὐ
1369 2903 1518 2988 βούλομαι
1534 2903 1648 2986 λέγειν,

348 3007 390 3090 μὴ
420 3003 514 3082 δοκῶ,
550 3002 586 3064 οὐ
614 3001 747 3084 μηνῦσαί
769 3023 818 3065 σοι
844 3052 850 3064 .
876 3049 883 3063 .
909 3049 918 3064 .
956 2997 1125 3084 βούλεσθαι
1150 3000 1253 3085 μόνον,
1277 3001 1434 3065 ἀλλὰκαὶ
1457 3002 1649 3085 έχαεκωμια·

346 3101 436 3167 ’κέναι
471 3098 574 3180 αὐτόν,
611 3143 651 3160 ..
677 3146 700 3180 .,
735 3101 788 3162 καὶ
822 3099 977 3162 ἀποτίνειν
1011 3098 1126 3183 ταύτην
1161 3101 1216 3182 τὴν
1252 3099 1341 3184 χάριν
1370 3109 1425 3162 τοῦ
1449 3145 1457 3160 .
1484 3145 1492 3160 .
1518 3146 1525 3162 .
1571 3098 1651 3162 Post

347 3195 612 3281 έγνιεαωμιαιιέναι
640 3197 734 3260 αὐτὸν
762 3197 883 3259 inserta
911 3201 986 3258 sunt
1012 3195 1112 3258 verba
1140 3197 1245 3280 ὥσπερ
1272 3199 1324 3260 καὶ
1353 3196 1557 3281 θρασύμαχος
1585 3205 1648 3261 τῶν

350 3295 446 3374 ξένων
471 3291 585 3372 (ΟΑΡι
619 3295 671 3357 τὸν
696 3289 782 3371 ξένον
807 3292 865 3356 VB
890 3290 994 3374 editt.)
1019 3292 1239 3378 συντετάχθαι,
1276 3314 1359 3376 quae
1384 3294 1525 3357 Blassius
1549 3294 1649 3378 porti-

347 3392 419 3456 cula
460 3393 493 3454 δέ
534 3391 654 3453 inserta
696 3389 919 3475 (συντετάχθαι
957 3392 991 3454 δέ
1025 3389 1093 3469 καὶ)
1135 3390 1306 3454 falsissime
1338 3412 1410 3455 cunr
1442 3391 1650 3475 sequentibus

346 3487 526 3566 coniunxit3
551 3487 647 3551 ceteri
665 3493 773 3550 cutem
789 3487 927 3551 editores
940 3494 1067 3571 praeter
1078 3487 1258 3567 Rabirium,
1276 3489 1374 3572 quiin
1389 3489 1649 3552 annotationibus

349 3588 456 3652 minus
480 3591 553 3670 apte
577 3585 787 3650 συντετάσθαι
812 3583 864 3667 [„a
887 3586 994 3649 verbo¹
1014 3586 1239 3669 συντείνεσθαι,
1273 3586 1358 3670 quod
1382 3587 1468 3649 idern
1493 3608 1530 3649 ac
1554 3607 1649 3650 σιτου-

349 3683 459 3754 arcad
478 3685 498 3747 i.
517 3705 544 3746 e.
562 3683 828 3766 έγνιεκιυμιαιιέναι
844 3685 937 3748 αι’ντθν
956 3733 963 3746 .
982 3729 989 3744 .
1009 3731 1016 3746 .
1033 3685 1241 3748 συντετάσθαι
1254 3686 1307 3747 καὶ
1321 3681 1487 3765 ἀποτίνειν]
1503 3682 1650 3762 coniecit,

346 3783 603 3866 interpunctione
620 3791 693 3846 ante
715 3779 925 3866 συντετάχθαι
941 3780 1055 3866 posita,
1077 3781 1162 3866 qnod
1175 3781 1310 3845 Wolfius
1326 3802 1384 3864 pro
1400 3781 1599 3867 προῃρῆσθαι
1614 3810 1650 3829 =

350 3881 572 3960 „constituisse
595 3879 747 3943 laudare“
774 3878 950 3942 adhibitum
976 3901 1045 3943 esse
1069 3887 1170 3964 putat,
1200 3880 1468 3942 constructionem
1492 3879 1546 3940 vix
1569 3877 1650 3942 tole-

346 3977 480 4041 randam
510 3976 694 4040 effecerunt.
741 3976 820 4040 Mihi
844 3983 955 4040 contra
978 3998 997 4040 a
1025 3977 1134 4041 codice
1159 3975 1184 4040 Ο
1208 3976 1422 4061 proficiscenti
1445 3975 1651 4040 scribendum

347 4074 477 4138 ridetur
510 4076 615 4161 ὥσπερ
643 4078 696 4139 καὶ
724 4075 929 4161 θρασὺμαχος
960 4071 1046 4157 (ἐπὶ)
1075 4085 1138 4139 τῶν
1166 4073 1262 4152 ξένων
1291 4073 1528 4154 συντέτακται,
1563 4071 1649 4156 qnod

347 4173 387 4236 de
404 4169 634 4256 Thrasyrnachi
651 4174 818 4236 cuiusdam
834 4172 943 4236 libello
964 4172 1149 4256 ceteroquin
1165 4171 1275 4256 ignoto
1291 4171 1459 4256 (ἐγκώμιον
1474 4179 1537 4236 τῶν
1553 4168 1649 4248 ξένων

348 4269 459 4350 fort.?)
490 4271 609 4334 dictum
639 4272 721 4334 bene
753 4292 786 4333 se
817 4270 958 4333 haberet.
990 4305 1033 4313 —-
1061 4269 1099 4333 In
1123 4270 1236 4333 eadem
1267 4269 1401 4355 epistola
1435 4266 1545 4352 paullo
1575 4273 1649 4330 ante

348 4367 380 4450 (ἕ
404 4366 440 4450 4)
465 4369 565 4432 codex
593 4366 619 4431 Ο
648 4368 779 4432 tradidit
815 4368 860 4433 ὅτι
889 4368 988 4453 μάτην
1017 4390 1065 4433 σοι
1093 4370 1173 4432 αὐτά
1198 4367 1255 4449 τὴν
1283 4367 1379 4452 λύραν
1408 4366 1550 4450 λέξομεν,
1587 4384 1649 4448 quo

347 4467 492 4552 ineptum
520 4465 600 4529 illud
627 4469 682 4550 τὴν
711 4465 806 4551 λύραν
833 4466 993 4550 glossema
1021 4487 1090 4529 esse
1114 4465 1294 4529 luculenter
1318 4465 1564 4528 demonstratur.
1611 4460 1648 4524 In

349 4564 512 4629 codicibus
528 4571 637 4628 autem
652 4565 682 4627 A
694 4586 741 4649 pr.
760 4563 815 4626 PB
832 4566 911 4628 αὐτὰ
927 4571 1106 4628 correctum
1123 4570 1170 4626 est
1185 4563 1219 4627 in
1231 4573 1338 4638 ταῦτα,
1360 4563 1392 4624 in
1411 4560 1485 4644 Aqv
1503 4581 1576 4624 curn
1587 4563 1648 4642 τὴν

351 4661 446 4748 λύραν
464 4663 668 4747 coniungitur
683 4693 719 4712 =
734 4661 848 4746 ταύτην
864 4665 920 4746 τὴν
936 4662 1042 4747 λύραν,
1060 4662 1144 4745 quod
1163 4662 1299 4726 editores
1316 4679 1427 4723 omnes
1450 4664 1650 4742 receperunt.
