3614 5318
367 510 410 573 46
738 503 893 559 Aeschinis
912 517 986 572 quae
1005 503 1139 558 feruntur
1158 502 1306 572 epistolae.

458 701 488 764 A
525 699 623 764 variis
656 699 746 763 varie
781 703 921 762 tentatus
956 703 1004 762 est
1036 698 1126 762 loeus
1149 697 1200 761 XI
1223 698 1254 777 8,
1288 695 1343 782 qui
1371 697 1403 761 in
1435 699 1605 764 codicibus
1633 701 1675 764 sic

369 799 502 884 legitur:
528 800 726 875 ἐπαινοῦντες
749 797 838 882 ἡμῶν
861 799 933 872 τοὺς
948 796 1117 880 προγόνους
1133 817 1167 859 τε
1182 794 1237 860 καί
1252 798 1308 879 τὴν
1325 794 1443 880 χώραν,
1467 796 1513 861 ὁτι
1531 797 1675 881 ἐγένοντο

369 900 402 962 ἐν
438 899 518 980 αὐτῇ
551 897 606 958 καί
638 895 717 979 ὑπὲρ
752 895 847 978 αὐτῆς
881 893 1074 977 εἰσεγένοντο
1108 893 1140 957 ἐν
1176 889 1299 978 [Nacti]
1332 893 1360 956 οί
1388 893 1467 958 θεοί.
1516 893 1615 966 Quod
1643 901 1676 958 ut

369 993 543 1078 corrigeret
565 991 719 1056 Reiskius
741 991 908 1076 proposuit
931 1025 969 1035 -
997 1026 1038 1034 -
1062 993 1117 1054 καί
1140 991 1218 1075 ὑπὲρ
1241 993 1347 1075 αὐτῆς,
1371 991 1400 1054 εί
1420 1013 1449 1056 τι
1472 991 1598 1074 γένοιτο
1615 989 1675 1073 (ἐν)

368 1093 457 1175 αὐτῇ,
481 1088 509 1153 ci
525 1091 606 1170 δεοί,
629 1089 779 1153 Baiterus
802 1095 910 1152 autem
933 1123 974 1132 —
1000 1123 1041 1132 -
1067 1087 1210 1171 ἐγένοντο
1227 1089 1259 1151 ἐν
1277 1090 1355 1172 αὐτῇ
1371 1088 1456 1152 δίκαι
1471 1087 1553 1174 ὑπὲρ
1570 1091 1674 1173 αὐτῆς,

370 1187 419 1265 αίς
446 1188 636 1272 ἠγωνίζοντο
665 1188 697 1251 ἐν
726 1189 807 1270 αὐτῇ
834 1186 863 1249 ol
888 1185 967 1265 θεοί,
1003 1185 1163 1270 Sauppius
1193 1185 1246 1263 (oi.
1263 1185 1396 1265 Horeb,
1420 1185 1540 1264 Blass.)
1567 1222 1610 1231 -
1635 1221 1674 1230 —

369 1287 415 1350 ὅτι
438 1286 595 1370 ἐκρίνοντο
619 1282 814 1366 (ἐδικάζοντο
836 1281 1007 1362 Horohor.)
1031 1285 1064 1347 ἐν
1089 1285 1168 1367 αὐτῇ
1191 1285 1245 1347 καί
1261 1284 1339 1369 ὑπὲρ
1355 1284 1450 1368 αι’νιῆς
1469 1281 1674 1369 [είσεγὲνοντο

368 1384 401 1448 ἐν
425 1381 515 1468 αὐτῇ]
540 1381 569 1446 οἱ
591 1381 671 1460 θεοί,
696 1380 889 1444 Weidnerus
912 1380 1051 1464 denique
1075 1416 1116 1424 -
1133 1415 1175 1424 —
1199 1383 1253 1445 καί
1276 1381 1353 1464 ὑπὲρ
1378 1383 1472 1463 αὐτῆς
1496 1381 1674 1468 διεφέροντο

369 1483 402 1545 ἐν
431 1482 535 1558 αὑτοῖς
562 1481 591 1545 ot
617 1479 698 1545 θεοί.
745 1478 853 1562 Atque
880 1479 979 1542 verba
1006 1499 1036 1561 q.
1058 1500 1082 1541 s.
1106 1477 1298 1563 είσεγὲνοντο
1327 1480 1359 1542 ἐν
1388 1480 1477 1562 αὐτῇ,
1514 1500 1602 1563 quae
1625 1499 1674 1542 me

368 1579 498 1664 quidem
514 1579 620 1642 iudice
642 1575 859 1660 dittographia
880 1582 957 1639 nata
979 1581 1062 1656 sunt,
1079 1575 1217 1640 delenda
1233 1597 1302 1639 esse
1319 1573 1408 1657 (oum
1433 1575 1596 1662 Sauppio)
1612 1578 1675 1640 iam

371 1676 488 1740 codicis
511 1675 542 1739 A
566 1679 726 1740 corrector
748 1673 946 1745 2indioavit
964 1695 1038 1737 cum
1054 1675 1219 1758 egregiam
1236 1679 1322 1736 certe
1337 1676 1530 1740 memoriam
1548 1680 1674 1738 secutus

370 1773 563 1858 εἰσεγένοντο
590 1772 767 1835 induceret.
815 1768 1020 1835 Oonstmctio
1052 1778 1160 1835 autem
1190 1770 1332 1854 ἐγένοντο
1356 1774 1389 1837 ἐν
1413 1775 1494 1857 αὐτῇ
1516 1774 1576 1836 καί
1600 1773 1674 1855 ὑπὲρ

374 1873 470 1955 αὐτῆς
491 1870 627 1935 molesta
650 1875 712 1934 est:
737 1886 844 1948 neque
866 1869 956 1932 litem
980 1890 999 1932 a
1022 1868 1125 1933 Marte
1150 1875 1261 1934 contra
1283 1868 1470 1955 Neptunum
1493 1871 1674 1934 institutam

368 1969 420 2033 hio
448 1968 622 2052 significari
649 1968 830 2031 necessario
859 1967 1004 2046 sumitur,
1040 1988 1112 2031 oum
1136 1972 1248 2031 auctor
1271 1969 1468 2033 mentionem
1492 1969 1565 2032 eius
1588 1966 1675 2032 velut

368 2066 447 2129 facti
470 2066 637 2129 cuiusdam
660 2065 736 2129 novi
760 2065 883 2128 iniciat:
909 2066 989 2129 ἐπεί
1013 2064 1163 2128 πύθεσθε
1186 2066 1300 2129 αὐτῶν.
1336 2064 1450 2151 Itaque
1466 2065 1674 2131 scribendum

369 2184 439 2228 esse
462 2164 643 2249 putaverim
667 2211 674 2224 .
693 2210 700 2224 .
719 2210 726 2226 .
744 2163 790 2225 ὁτι
806 2159 948 2246 ἐγένοντο
964 2163 997 2225 ἐν
1014 2165 1094 2246 αὐτῇ
1111 2161 1191 2239 (soil.
1208 2161 1417 2244 Erechtheus,
1434 2163 1672 2241 Erichthonius,

369 2261 410 2325 cf.
427 2260 525 2324 Isoer.
542 2259 609 2323 XII
636 2261 711 2337 126)
736 2261 791 2323 καί
823 2256 1012 2343 (ἐμάχοντο)
1046 2259 1123 2344 ὑπὲρ
1147 2261 1241 2343 αὐτῆς
1266 2261 1294 2322 oi
1318 2261 1390 2326 beot
1406 2261 1485 2339 (soil.
1504 2261 1673 2347 Neptunus

370 2366 402 2423 et
425 2358 579 2431 Minerva,
604 2357 804 2422 Erechtheus
828 2363 860 2420 et
882 2356 1059 2440 Eumolpus
1083 2356 1123 2420 cf.
1145 2356 1244 2421 Isoor.
1265 2357 1333 2421 XII
1353 2359 1440 2439 193).

457 2454 496 2520 In
520 2455 664 2519 eiusdem
688 2454 841 2539 epistolae
865 2452 884 2534 β
910 2454 948 2516 11
973 2475 1130 2539 perquam
1153 2456 1289 2519 obscura
1310 2469 1385 2520 sunt
1399 2457 1500 2521 verba
1519 2457 1564 2534 ὡς
1583 2457 1674 2520 καινὰ

371 2556 425 2617 καί
446 2551 635 2637 θαυμαστὸν
652 2551 703 2633 (oi.
721 2551 773 2632 R„
789 2553 962 2636 θαυμαστὰ
983 2552 1072 2616 codd.
1090 2573 1164 2616 oum
1183 2553 1287 2628 hiatu)
1303 2554 1377 2620 ὁσον
1401 2556 1444 2632 είς
1466 2557 1487 2618 a
1510 2554 1674 2640 βούλονται

370 2662 409 2736 τῇ
439 2650 548 2734 πράξει
580 2650 745 2734 συλλαβεῖν
777 2646 932 2734 δυνάμενα
962 2648 1095 2734 φάσκειν
1126 2651 1205 2733 ὑμᾶς
1236 2651 1385 2738 ὁμονοεῖν,
1423 2672 1506 2737 quae
1529 2651 1672 2716 Blassius

372 2747 512 2832 pessime
539 2746 758 2832 interpolavit:
796 2797 803 2810 .
829 2797 836 2810 .
863 2795 870 2810 .
894 2746 937 2825 εἰς
965 2749 985 2810 ά
1014 2747 1178 2832 βούλονται
1205 2749 1340 2833 πρᾶξαι
1364 2749 1453 2831 (fort.
1478 2757 1578 2832 recte,
1602 2747 1672 2812 vide

374 2845 490 2930 Toup.)
536 2845 702 2931 συλλαβεῖν
738 2845 903 2930 δυνάμενα.
943 2842 1068 2930 (ἀκούω
1101 2844 1162 2930 γάρ
1196 2867 1282 2923 τινας
1316 2843 1397 2928 δεῖν>
1439 2847 1574 2931 φάσκειν
1609 2845 1670 2909 κτὲ.

371 2943 531 3007 Nimirum
555 2943 582 3006 si
605 2943 781 3008 orationem
803 2944 899 3029 plane
915 2943 1089 3007 dissolvere
1105 2943 1195 3025 velis,
1220 2949 1286 3006 tam
1301 2943 1339 3007 Β]
1345 2946 1428 3008 assio
1446 2966 1544 3029 quam
1558 2942 1671 3008 Wolfio

369 3048 426 3106 aut
435 3041 560 3127 Toupio
573 3041 761 3126 adstipulari
771 3042 902 3126 potoris,
915 3041 971 3124 qui
982 3042 1155 3127 θαυμαστὰ
1167 3041 1212 3118 ὡς
1225 3037 1276 3118 εἰς
1288 3043 1327 3118 ἃς
1341 3041 1504 3127 βούλονται
1515 3053 1556 3128 τῇ
1568 3041 1671 3108 πὸλει

370 3139 521 3224 πράξεις
550 3139 714 3224 συλλαβεῖν
742 3140 907 3223 δυνάμενα,
931 3139 986 3203 δεῖ
1008 3140 1085 3222 ὑμᾶς
1110 3139 1248 3222 ὁμονοεῖν
1273 3137 1402 3221 (Wolf.)
1429 3141 1480 3203 vel
1500 3139 1672 3226 θαυμαστά

370 3236 416 3312 ὡς
430 3237 473 3300 ἂν
489 3235 574 3312 είςά
591 3227 753 3319 βούλονται
769 3236 935 3320 πράξειν,
950 3235 1114 3319 συλλαβεῖν
1129 3237 1194 3299 κτὲ.
1212 3236 1342 3321 (Toup.)
1356 3237 1670 3302 commendaverunt.

368 3331 502 3397 Cautius
525 3333 678 3396 Reiskius
701 3354 769 3396 rem
794 3335 869 3418 egit,
893 3333 949 3417 qui
972 3355 1011 3396 ex
1035 3333 1103 3396 cod.
1120 3333 1212 3397 Harl.
1227 3333 1255 3396 B
1272 3341 1417 3418 apertam
1440 3336 1523 3399 hanc
1548 3353 1671 3400 correc-

370 3431 492 3494 tionem
515 3430 637 3514 recepit
661 3480 668 3493 .
692 3478 699 3494 .
726 3479 732 3492 .
760 3431 925 3516 δυνάμενα.
950 3431 1139 3514 φάσκουσι
1178 3427 1262 3516 (γάρ
1286 3429 1381 3513 δεῖν)
1411 3433 1490 3519 ὑμὰς
1513 3434 1669 3517 ὁμονοεῖν;
1770 3475 1771 3492 ι

372 3529 423 3592 oui
447 3527 570 3591 assensi
593 3533 668 3591 sunt
691 3527 828 3591 editores
843 3535 973 3612 praeter
987 3527 1158 3591 Blossium.
1204 3528 1356 3593 Proxime
1373 3536 1481 3594 autem
1497 3552 1517 3594 a
1532 3529 1673 3615 genuina

369 3627 527 3690 memoria
554 3625 755 3689 aberravisse
782 3624 910 3689 videtur
937 3625 1119 3690 Marklandi
1142 3626 1216 3690 hoc:
1252 3625 1459 3712 φάσκ<οντας
1482 3625 1571 3710 δ>εῖν
1595 3629 1670 3711 ὑμᾶς

369 3725 521 3808 ὁμονοεῖν,
557 3723 641 3808 quod
664 3724 825 3808 accipiens
848 3724 953 3787 locum
977 3725 1021 3787 sic
1045 3725 1177 3788 restituo
1202 3725 1244 3802 ὡς
1267 3729 1362 3790 καινὰ
1383 3725 1438 3789 καί
1462 3727 1669 3810 θαυμαστὸν

372 3821 447 3885 ὁσον
483 3823 526 3898 εἰς
559 3824 580 3884 ἃ
616 3819 777 3906 βούλονται
810 3820 944 3906 πρᾶξαι
980 3821 1143 3907 συλλαβεῖν
1179 3823 1346 3907 δυνάμενα,
1370 3823 1572 3907 φάσκοντας
1594 3825 1670 3906 ὑμᾶς

369 3919 509 4002 ὁμονοεῖν
521 3915 633 4002 <δεῖν>,
645 3919 701 3982 ubi
713 3920 775 3984 δεῖν
788 3924 918 4004 proptor
929 3919 1207 3983 homoeoteleuton
1224 3920 1319 3983 facile
1336 3920 1483 3984 excidere
1498 3922 1611 4006 potuit.
1630 3951 1669 3962 -

372 4015 492 4078 Textus
515 4017 583 4080 hiat
598 4017 694 4079 etiam
711 4017 745 4080 iu
762 4018 782 4095 β
800 4018 841 4080 12
858 4017 952 4101 μηδὲν
968 4017 1120 4102 διαφέρειν
1136 4020 1247 4094 αὐτοὺς
1262 4017 1374 4082 αὐτίκα
1389 4018 1528 4104 νομίζετε
1545 4017 1605 4096 (sic
1622 4013 1669 4094 0),

371 4111 426 4174 ubi
450 4113 570 4176 mentio
586 4113 672 4176 illius
688 4113 834 4192 oratoris,
858 4134 975 4198 nempe
990 4113 1229 4194 Demosthenis,
1253 4115 1462 4196 desideratur,
1491 4136 1597 4199 aquo
1621 4131 1669 4176 re·

370 4209 449 4292 liqui
478 4210 563 4294 apud
590 4210 746 4294 populum
773 4211 987 4274 vociferantes
1013 4211 1133 4275 diversi
1160 4233 1225 4275 non
1253 4233 1323 4276 esse
1353 4214 1511 4277 dicuntur.
1564 4212 1669 4284 Quare

369 4306 513 4371 Blessius
537 4341 579 4350 -
603 4308 739 4371 aliorum
763 4310 1000 4372 commentam
1024 4315 1180 4393 apparatu
1204 4310 1313 4374 critico
1347 4310 1604 4374 commemorabo
1628 4338 1669 4351 -

367 4400 611 4490 (δημοσθένους)
631 4406 716 4469 inter
739 4407 834 4490 μηδὲν
858 4455 866 4469 .
892 4454 899 4468 .
925 4406 1102 4492 διαφέρειν
1118 4407 1274 4472 excidisse
1290 4408 1498 4485 existimavit3
1523 4405 1669 4492 equidem

370 4502 431 4568 hoc
447 4503 582 4566 verbum
601 4506 675 4587 post
689 4505 800 4580 αὐτοὺς
819 4505 935 4584 insero,
960 4510 996 4567 ut
1010 4509 1140 4589 propter
1156 4504 1434 4570 homoeoteleuton
1451 4505 1605 4569 omissum
1620 4501 1668 4565 sit.

459 4599 498 4663 In
532 4621 581 4686 ep.
606 4598 671 4663 XII
697 4604 712 4663 1
740 4601 902 4665 codicibus
937 4601 1054 4665 APVB
1090 4602 1243 4667 traditum
1277 4609 1326 4666 est
1352 4602 1435 4667 ἀλλὰ
1461 4605 1515 4667 καί
1543 4601 1669 4688 γράφειν

368 4698 567 4784 ἐλευθερίως,
592 4720 664 4762 cum
689 4697 714 4763 Ο
737 4719 795 4783 per
818 4719 959 4763 errorem
985 4706 1069 4763 certe
1093 4701 1211 4764 habeat
1233 4701 1316 4765 ἀλλὰ
1339 4699 1561 4785 καλλιγραφεῖν
1585 4699 1669 4763 ἐλευ-
