3614 5318
365 419 411 484 42
740 431 895 487 Aeschinis
914 448 990 502 quae
1008 433 1142 491 feruntur
1161 433 1309 505 epistolae.

364 611 401 678 in
425 623 553 686 textum
575 628 694 711 recepi,
717 648 793 691 uam
815 632 869 694 aul
901 629 989 710 οὗτος
1021 631 1192 696 manifesto
1225 630 1405 696 contrarius
1437 635 1486 694 est
1507 629 1677 694 Aeschinis

364 714 464 779 sociis
488 719 767 809 familiaribusque
791 733 822 791 et
844 728 907 813 ipsi
929 729 1082 794 Aeschini
1106 727 1200 811 (§6):
1223 731 1277 794 καί
1299 731 1398 805 οὕτως
1422 728 1516 810 (οὕτω
1539 751 1554 806 ς
1577 727 1677 810 editt,

364 806 420 872 ὁτὲ
444 809 512 895 ΒΙ.)
537 820 593 902 μὲν
617 821 807 907 ὑπεραγαπῶ
830 829 869 889 τὰ
890 827 1030 912 παρόντα
1052 826 1106 892 καὶ
1122 873 1131 888 .
1147 874 1182 891 ..
1211 825 1419 912 ἀπηλλάχθαι
1442 836 1526 891 ποιεῖ
1545 823 1677 904 APVB,

364 908 456 986 quod
487 933 554 978 non
589 917 799 1004 intellegitur,
839 924 902 988 nisi
932 945 991 1009 pro
1020 935 1101 990 ποιεῖ
1130 945 1203 989 cum
1226 922 1344 988 Wolfio
1374 923 1533 987 rescribas
1562 920 1675 1004 (ὥστε)

363 998 472 1070 δοκεῖν
503 1017 560 1076 eut
588 1034 661 1079 cum
695 1015 830 1084 Reiskio
858 1024 934 1087 ποτέ
965 1028 1021 1086 aut
1052 1043 1126 1086 eum
1153 1021 1326 1085 Weidnaro
1350 1022 1444 1086 δοκῶ.
1490 1018 1679 1083 Relativum

363 1104 478 1166 eutem
492 1111 580 1190 quod
592 1113 625 1177 in
638 1114 803 1182 codicibus
814 1120 959 1204 sequitur
968 1120 1082 1205 ἡδονῆς
1095 1117 1142 1205 [ᾧ]
1156 1121 1220 1201 καί,
1232 1119 1385 1183 nimirum
1396 1118 1625 1202 interpolatum
1637 1137 1678 1180 ax

363 1192 503 1287 ἐμαῦτῷ,
530 1207 645 1292 delevi,
667 1234 740 1277 oum
755 1214 909 1281 Reiskius
933 1217 1046 1281 ceteris
1065 1216 1293 1301 plaudentibus
1309 1237 1349 1280 ex
1364 1237 1402 1280 eo
1418 1215 1564 1280 elicuerit
1579 1216 1676 1280 δοκῶ.

363 1297 448 1359 *6
474 1301 569 1389 ἀλῆσι
593 1307 708 1396 OApr.
737 1312 774 1390 >
800 1315 909 1399 ἀλήσετ
932 1313 960 1378 Ρ
986 1319 1025 1397 >
1049 1315 1138 1380 ἄλσει
1161 1314 1233 1378 VB.
1259 1350 1300 1358 —
1324 1313 1358 1376 X
1374 1313 1392 1376 3
1409 1317 1474 1398 ἅμα
1495 1334 1531 1377 τε
1553 1322 1616 1389 τοῖς
1639 1333 1676 1375 τε

363 1383 391 1449 0
423 1391 530 1480 (prius
561 1426 596 1470 τε
626 1409 724 1490 eras.)
752 1417 784 1474 et
810 1411 837 1474 P
859 1415 903 1487 >
932 1416 997 1498 ἅμα
1025 1424 1088 1490 τοῖς
1116 1434 1151 1477 τε
1177 1412 1208 1477 A
1232 1451 1265 1470 =
1294 1414 1358 1496 ἅμα
1386 1433 1421 1476 τε
1447 1422 1510 1487 τοῖς
1534 1409 1606 1473 VB.
1631 1443 1675 1454 -

363 1487 386 1548 4
423 1493 508 1562 αὐτὰ
544 1500 570 1565 O
605 1504 715 1588 (reete)
747 1512 791 1584 >
820 1512 905 1574 αὐτοὶ
941 1512 972 1574 Α
1006 1541 1039 1562 =
1070 1512 1164 1587 αὐτὰς
1192 1509 1219 1573 Ρ
1250 1511 1301 1588 (ei.
1332 1508 1473 1594 Sauppe)
1505 1538 1537 1558 =
1573 1508 1676 1582 αὐτοῖς

362 1579 431 1648 VB
473 1595 513 1673 >
549 1612 612 1679 τοῖς
646 1603 766 1670 Herch.
795 1606 845 1671 Bl.
881 1644 923 1652 -
963 1609 1002 1672 lO
1037 1603 1090 1673 εἶτ’
1125 1607 1224 1692 ἀξένῳ
1265 1609 1319 1672 καὶ
1353 1608 1437 1691 (hosp
1473 1606 1512 1669 ei.
1544 1605 1677 1688 Sauppe

364 1676 453 1752 (iffi
478 1691 516 1776 3)
543 1698 580 1776 >
606 1698 672 1766 εἶτα
699 1703 814 1782 ξενῶνα
842 1707 926 1792 ῶστη
950 1704 1079 1788 (litteris
1103 1706 1187 1770 male
1210 1704 1380 1786 distinctis)
1404 1703 1451 1788 Δρ
1475 1701 1553 1785 (om.
1580 1703 1674 1786 Apr.)

362 1779 409 1853 >
433 1785 503 1855 εἶτα
526 1794 642 1874 ξενῶνα
670 1801 712 1879 ὡς
734 1806 786 1869 τόν
810 1802 868 1868 ΟΡ
895 1804 933 1882 >
957 1803 1024 1869 εἶτα
1052 1801 1094 1881 ὡς
1115 1806 1168 1869 τόν
1192 1802 1308 1881 ξενῶνα
1330 1801 1404 1866 VB.
1431 1837 1470 1844 —
1494 1799 1573 1866 xla
1597 1799 1677 1883 μετὰ

363 1889 422 1942 τοῦ
451 1886 555 1957 δοκεῖν
581 1892 804 1985 (terciolasco)
831 1903 869 1966 oi.
891 1902 994 1966 Blass.
1022 1901 1060 1979 >
1090 1904 1168 1985 μετὰ
1194 1908 1249 1964 τοῦ
1277 1901 1380 1964 δοκεῖν
1410 1900 1456 1968 Aa
1484 1903 1528 1972 >
1556 1919 1595 1981 με
1616 1905 1673 1961 τοῦ

365 1975 470 2049 δοκεῖν
495 1986 604 2078 OApr.
629 1995 656 2060 P
682 2000 721 2080 >
746 2021 808 2064 om.
837 1999 910 2063 VB.
936 2031 977 2044 -
1005 1999 1045 2061 10
1068 2001 1117 2062 ἀεὶ
1141 1995 1167 2061 Ο
1191 1995 1246 2079 (ci.
1271 1995 1328 2079 R.)
1355 1999 1392 2074 >
1418 1998 1453 2060 δέ
1475 1995 1502 2059 Ρ
1526 1995 1603 2076 (om.
1627 1992 1673 2074 A)

367 2073 407 2150 >
439 2081 503 2151 δεῖν
530 2089 604 2155 VB.
634 2131 675 2140 -
703 2097 848 2183 ἐπιχειρεῖ
874 2118 919 2174 τις
947 2096 1049 2160 Blass.
1077 2098 1114 2172 >
1141 2097 1320 2181 ἐπιχορηγεῐ
1340 2105 1402 2171 τοῖς
1426 2092 1520 2157 OAP
1544 2095 1582 2170 >
1609 2093 1673 2156 ἐπι-

365 2193 498 2265 )(Ορηγεῖ
519 2185 592 2255 VB.
628 2225 673 2240 —
706 2195 746 2258 13
779 2194 990 2281 ἀποχρησάτω
1022 2193 1163 2257 Bekker.
1199 2195 1237 2271 >
1271 2193 1471 2278 ἀπεχρήσατο
1504 2189 1597 2254 OAP
1632 2190 1670 2265 >

365 2272 491 2368 ἀπέχρη
519 2289 556 2351 τὸ
580 2289 609 2352 V
635 2291 673 2369 >
698 2293 821 2378 ἀπόχρη
845 2294 881 2356 τό
904 2291 942 2355 Β.
967 2327 1008 2336 -
1033 2287 1061 2355 δ’
1084 2294 1132 2356 ἀεὶ
1157 2288 1287 2373 (ΔΑΕΙ)
1311 2289 1413 2354 Blass
1441 2293 1480 2371 >
1505 2291 1525 2352 ἃ
1547 2289 1595 2352 δεῖ
1609 2285 1673 2350 VB

366 2491 411 2522 =
427 2470 474 2541 δεῖ
497 2476 597 2565 (ΔΕΙ)
614 2483 640 2548 O
656 2490 700 2561 >
715 2488 753 2572 δὴ
770 2487 838 2551 AP.
856 2523 897 2531 —
914 2486 981 2551 XII
998 2489 1017 2551 5
1038 2488 1152 2565 τελέως
1172 2488 1313 2553 Bekker.
1331 2509 1370 2550 ex
1386 2484 1551 2570 archetypi
1566 2423 1674 2548 12de

369 2564 409 2641 >
443 2575 551 2644 τέλεον
580 2581 621 2659 ὡς
649 2581 747 2654 OAPs
779 2584 816 2662 >
841 2585 947 2650 τέλεον
970 2582 1039 2649 VB.
1065 2621 1105 2629 --
1131 2589 1148 2650 7
1174 2588 1227 2650 καὶ
1251 2587 1299 2649 ἀεὶ
1322 2584 1425 2648 Blass.
1453 2585 1491 2660 >
1517 2584 1565 2645 ἀεὶ
1589 2578 1615 2643 O
1641 2585 1674 2642 et

366 2668 422 2730 ml
450 2671 488 2758 δὴ
516 2675 575 2740 ΑΡ
606 2680 643 2758 >
675 2682 716 2760 ὡς
739 2684 777 2768 δὴ
801 2683 859 2747 VB
884 2681 940 2765 (>
966 2683 1007 2761 ὡς
1030 2684 1128 2768 δῆθεν
1152 2683 1217 2763 Β.).
1243 2718 1285 2726 -
1312 2685 1351 2746 12
1376 2682 1524 2747 ἔπλευσεν
1548 2681 1580 2743 ἐν
1605 2679 1673 2762 ἐμοὶ

369 2757 428 2829 ΟΛ
445 2790 526 2838 corr.
552 2779 565 2838 l
588 2777 676 2864 Ppr.,
700 2781 756 2845 ubi
772 2782 804 2846 ἐν
820 2781 1038 2866 dittographia
1053 2788 1139 2846 certe
1155 2788 1268 2846 uatum
1285 2780 1375 2860 eieci,
1392 2777 1459 2863 ἐμοὶ
1474 2777 1674 2859 coniungens

367 2879 443 2929 oum
467 2872 643 2954 μεθέξουσα
666 2879 752 2964 quod
779 2880 997 2965 subsequitur:
1036 2879 1175 2943 editores
1199 2884 1307 2942 autem
1331 2898 1404 2941 cum
1437 2873 1551 2939 ceteris
1583 2871 1672 2936 codi-

367 2959 459 3030 cibus
493 2970 575 3056 Apr.
600 2974 641 3061 Ρ3
665 2976 723 3039 VB
758 2975 791 3042 ἐν
827 2983 1105 3041 commutaverunt
1137 2996 1210 3042 cum
1245 2979 1300 3040 σὺν
1333 3013 1370 3035 =
1406 2969 1586 3052 ἔπλευσε<ν)
1615 2972 1672 3033 σὺν

367 3056 445 3143 ἐμοὶ)
471 3068 654 3150 μεθέξοῦσα·
723 3143 725 3150 Ι

458 3162 543 3230 Sane
559 3190 622 3234 non
639 3172 755 3236 desunt
776 3172 941 3252 lectiones,
965 3173 1081 3256 quibus
1105 3172 1174 3236 cod.
1191 3171 1220 3234 V
1237 3172 1401 3255 aliquanto
1424 3169 1556 3254 propius
1573 3185 1672 3251 quam

367 3257 438 3322 eod.
456 3263 482 3325 A
502 3265 543 3328 od
559 3268 703 3332 codicem
720 3268 746 3333 O
762 3269 1007 3355 appropinquat,
1021 3270 1110 3333 velut
1125 3268 1206 3332 xla
1223 3265 1294 3334 ἀλλ’
1309 3264 1373 3334 οὐδ’
1389 3269 1490 3333 ἐκεῖσε
1513 3264 1671 3346 παύσομαι

367 3356 495 3442 γράφειν
520 3359 592 3428 ἀλλ’
614 3359 679 3430 οὐδ’
703 3368 804 3432 traice
826 3369 847 3430 ἃ
869 3377 908 3451 τῇ
931 3367 1019 3432 πόλει
1044 3365 1144 3431 OVB:
1169 3363 1240 3432 ἀλλ’
1255 3362 1320 3431 οὐδ’
1335 3369 1436 3431 ἐκεῖσε
1451 3359 1667 3448 dittographiu

367 3461 510 3523 creatum
535 3462 596 3526 del.
613 3462 685 3542 ΑΡ;
711 3469 743 3527 et
765 3463 815 3526 XI
842 3465 879 3527 ll
905 3466 926 3527 ἃ
948 3465 1049 3548 λέγειν
1073 3465 1184 3542 αὐτοὺς
1208 3463 1263 3528 OB
1281 3467 1320 3542 >
1346 3467 1366 3528 o
1388 3464 1490 3547 λέγειν
1514 3463 1616 3535 αὐτοῖς
1639 3456 1670 3519 V

369 3549 407 3626 >
442 3557 591 3643 ἂέλεγεν
620 3563 722 3638 αὐτοῖς
750 3561 791 3638 ὡς
820 3560 878 3625 ΑΡ
908 3561 1176 3647 (interpolatum).
1223 3562 1337 3647 Neque
1369 3563 1409 3625 ab
1442 3553 1669 3624 additamentis

366 3650 632 3743 glossematisque
647 3660 743 3744 plane
758 3660 910 3723 immunis
927 3665 976 3724 ost
987 3660 1055 3724 cod.
1071 3660 1109 3742 A,
1123 3661 1270 3744 quamvis
1285 3663 1317 3724 In
1336 3681 1373 3724 eo
1390 3663 1531 3744 (praeter
1545 3655 1593 3719 XI
1611 3651 1668 3733 ll)

367 3759 511 3833 apertam
535 3756 815 3841 interpolationem
840 3757 1072 3822 emendationis
1096 3779 1194 3822 eausa
1217 3758 1337 3823 factem
1352 3758 1407 3820 vix
1428 3777 1490 3820 uuo
1514 3755 1573 3818 hoc
1597 3753 1668 3816 loco

366 3844 632 3932 deprehenderis:
657 3854 745 3918 XII
769 3857 844 3940 ἐμοῦ
862 3903 869 3919 .
887 3903 894 3918 .
912 3904 919 3918 .
936 3857 989 3919 καί
1005 3864 1070 3938 νῦν,
1086 3857 1159 3921 όσον
1176 3852 1225 3940 ἐφ’
1244 3857 1324 3939 ὑμῖν,
1346 3855 1520 3930 τεθνεῶτος
1543 3849 1600 3915 VB
1627 3851 1664 3926 >

366 3978 408 3988 -
423 3981 464 3990 -
477 3946 527 4035 ἐφ’
538 3949 607 4036 ὑμῖν
618 3954 664 4017 τὰ
681 3952 854 4030 τεθνεῶτος
866 3954 919 4032 (τὰ
928 3973 968 4016 ex
979 3953 1205 4039 dittographia,
1223 3952 1319 4033 eras.)
1336 3950 1418 4028 O>
1436 3987 1469 3997 -
1483 3985 1524 3995 —
1536 3944 1584 4033 ἐφ’
1597 3949 1665 4032 ὑμῖν

364 4043 404 4105 τὰ
417 4046 591 4126 τεθνεῶτος
612 4056 626 4119 <
636 4047 846 4127 παθόντος)
869 4051 926 4115 ΑΡ
941 4051 1197 4135 (recep.Blass.).
1233 4051 1305 4114 Alia
1319 4051 1398 4114 haec
1416 4069 1584 4114 enumero:
1605 4045 1667 4109 X4

365 4142 548 4226 παρθένων;
558 4146 763 4231 γαμουμένων
772 4147 803 4211 Α
813 4149 868 4226 (ex
879 4149 1054 4229 anteced.);
1068 4148 1271 4215 6συνειδότα;
1285 4148 1447 4214 συνιδόντα
1457 4145 1515 4210 ΑΡ
1525 4145 1667 4223 (iotacis-

366 4237 448 4321 1n0)3
472 4242 547 4305 ibid.
569 4244 662 4328 τιτθὴ
675 4242 774 4309 OVB:
795 4246 887 4331 τίτθη
903 4247 970 4332 ἤθη
989 4243 1044 4310 ΔΡ
1060 4245 1151 4328 (bis),
1172 4247 1290 4310 lineola
1304 4267 1402 4333 supra
1416 4247 1484 4330 ἤθη
1501 4245 1615 4329 posita,
1632 4247 1668 4304 ut

364 4359 482 4403 nomen
499 4340 664 4425 proprium
681 4344 813 4406 nutricis
834 4343 994 4427 signIficet
1010 4342 1107 4428 (quod
1127 4345 1179 4408 hic
1196 4347 1376 4430 suspicatus
1391 4345 1456 4408 iam
1474 4349 1543 4407 erat
1555 4339 1666 4405 Weid-

364 4458 471 4517 nerus,
496 4460 535 4502 ex
554 4439 621 4524 ἤθη
645 4439 776 4504 eliciens
799 4441 923 4526 αῐθρη);
948 4441 1203 4506 additamentum
1217 4443 1296 4506 illud
1313 4450 1422 4506 autem
1442 4451 1547 4507 ortum
1563 4447 1667 4505 estex

364 4535 581 4622 dittographia
593 4535 739 4618 ΤΙΤΘΗ;
756 4538 831 4602 ibid.
847 4540 999 4624 γίγνετατε
1016 4539 1127 4623 γέγονε
1142 4540 1215 4618 ΑΡ;
1228 4541 1294 4604 XII
1310 4541 1330 4604 9
1347 4541 1452 4626 όόδονε
1470 4539 1574 4626 ῥῶμην
1592 4536 1664 4611 ΑΡ;

362 4634 439 4698 ibid.
465 4635 638 4719 δυσμενῶνε
674 4637 883 4721 δυσμεναίνων
920 4637 992 4716 ΑΡ;
1033 4640 1072 4700 14
1104 4639 1237 4703 παίδωνε
1272 4639 1375 4723 λόγων
1411 4639 1488 4724 Apu.
1542 4638 1666 4710 Quibus
1804 4691 1805 4700 τ
