3614 5318
406 499 547 557 Codicum
568 497 620 570 qui
643 497 783 570 epistolas
801 496 957 554 Aeschinis
976 496 1128 554 continent
1140 495 1318 568 descriptio.
1499 497 1520 564 3

206 703 274 768 8118
292 701 413 786 scripta
431 719 535 786 usque
555 698 597 764 ad
612 697 705 783 epist.
721 695 826 761 XLII.
851 693 930 780 ξίφει
952 698 1007 762 aaz
1028 695 1100 783 aopi
1123 695 1177 761 καὶ
1200 705 1284 782 φυγῇ
1299 694 1519 782 ζημιωθέντες.

206 799 374 881 Codioem,
409 798 466 884 qui
496 797 530 862 18
563 794 713 860 omnibus
744 792 892 880 partibus
924 794 1043 859 summi
1073 793 1169 879 pretii
1199 793 1332 859 videtur
1363 815 1445 876 esse,
1479 794 1522 860 ad

207 886 380 965 Aeschinis
410 892 630 982 88181818818.
659 891 817 978 Taylorus
844 889 967 976 primus
992 889 1148 972 adhibuit,
1176 891 1334 986 quicum
1360 889 1469 957 littera
1491 893 1521 958 A

205 995 363 1082 signavit:
396 992 483 1079 quod
510 992 642 1077 quidem
669 990 793 1055 collatis
821 986 941 1055 codicis
969 990 999 1055 A
1025 988 1226 1071 lectionibus,
1259 1011 1340 1074 quas
1367 988 1521 1056 Reiskius

205 1094 301 1170 Crat.
326 1091 382 1158 Gr.
407 1087 452 1156 IV
476 1112 508 1176 p.
533 1090 598 1154 920
622 1110 668 1173 sq.
698 1087 731 1151 in
754 1086 860 1152 lucem
884 1087 995 1168 edidit,
1023 1107 1082 1173 pro
1111 1093 1198 1153 certo
1227 1086 1382 1152 affirmari
1404 1094 1520 1174 potest,

206 1210 408 1279 quamquam
418 1187 575 1274 Taylorus
587 1206 761 1271 quemnam
774 1185 918 1251 codicem
928 1183 1079 1250 habuerit
1087 1205 1152 1252 non
1164 1186 1240 1250 dicit
1254 1184 1341 1267 (vide
1350 1184 1522 1252 Reiskinm

206 1287 389 1373 1.’8.11[8.
407 1284 496 1368 771).
542 1284 612 1370 Ego
636 1283 740 1350 codici
763 1287 875 1348 notam
897 1283 1110 1348 indidi=H.
1157 1283 1198 1348 ci.
1222 1304 1297 1369 pag.
1322 1285 1365 1350 34
1388 1306 1436 1370 sq.

300 1385 334 1468 2)
362 1384 440 1450 886.
469 1381 705 1447 Harleianus
738 1381 825 1448 5635
855 1380 947 1466 (plut.
971 1379 1051 1446 LXI
1074 1378 1130 1463 Α),
1164 1381 1303 1446 chartac.
1329 1382 1364 1445 in
1390 1379 1433 1445 4⁰
1452 1381 1520 1449 ioll.

208 1487 276 1550 275
311 1483 361 1548 vel
393 1481 600 1568 8811118266,
637 1501 710 1544 cum
742 1474 958 1565 1811818617,
987 1476 1101 1564 205)7,
1129 1475 1243 1561 22113,
1274 1480 1336 1544 261
1363 1479 1522 1566 scripture

209 1602 315 1647 vacua
337 1581 411 1660 siut,
443 1571 527 1644 saec.
552 1577 623 1642 XV.
653 1576 738 1641 med.
768 1575 856 1658 (vide
883 1577 1030 1641 notitiam
1055 1577 1094 1642 de
1118 1574 1400 1662 Constantinopoli
1427 1585 1522 1665 capta

206 1681 244 1746 18
266 1679 330 1744 fios
353 1677 451 1758 libri).
499 1674 620 1757 Codex,
644 1675 677 1739 in
694 1695 758 1760 quo
774 1673 938 1739 exarando
959 1675 1047 1740 ivel
1071 1675 1090 1738 5
1114 1674 1239 1740 librarii
1262 1675 1520 1756 elaboraverunt,

210 1797 312 1862 nsque
340 1775 382 1841 ad
409 1774 465 1839 fol.
490 1774 579 1838 1368
607 1773 759 1858 881818188
787 1773 929 1837 88811881
956 1772 1139 1837 Phalaridis
1167 1771 1238 1856 (iol.
1258 1769 1328 1856 la),
1358 1772 1522 1855 Amasidis

206 1873 317 1957 (351)),
340 1871 568 1958 Xenophontis
596 1869 654 1954 (ὡς
676 1871 805 1956 beasti}
833 1867 972 1956 αἰσχίνου
999 1878 1055 1935 τοῦ
1083 1880 1294 1956 suspectanti:
1323 1869 1417 1953 368),
1431 1869 1521 1937 Pla-

207 1973 295 2038 tonis
316 1969 425 2056 (incip.
448 1969 490 2034 ab
519 1969 610 2053 epist.
635 1966 740 2033 viii:
765 1966 865 2050 418),
893 1967 1011 2033 1811881
1040 1977 1096 2032 τοῦ
1124 1967 1306 2055 παραβάται)
1335 1965 1407 2052 (181.
1437 1971 1520 2035 orb:

208 2071 307 2155 incip.
324 2069 388 2153 ἐγὼ
412 2069 467 2153 μὲν
491 2068 577 2152 ᾤμην
600 2088 637 2132 σε
658 2067 828 2133 adsuetior
851 2066 871 2130 1.
890 2087 918 2130 8.
934 2065 1072 2151 Prooop.
1089 2065 1180 2151 epist.
1197 2063 1328 2146 LXII.),
1352 2065 1521 2132 Anachar-

206 2166 289 2232 sidis
313 2163 421 2247 (728),
445 2163 607 2248 Euripidis
631 2162 736 2245 (758),
760 2163 918 2249 Diogenis
941 2161 1050 2245 (761)),
1075 2161 1215 2228 Cratetis
1237 2161 1346 2246 (86a),
1376 2163 1521 2232 Platonis

209 2261 317 2347 (881)),
327 2261 531 2348 Pythagorae
543 2261 656 2349 (ἱέρωνι
666 2288 708 2316 =
718 2260 778 2327 II.:
791 2259 880 2343 968),
892 2260 1025 2327 Chionis
1036 2260 1143 2345 (968),
1154 2260 1307 2326 Theanus
1317 2260 1520 2349 (Pythagora

213 2361 325 2444 1098),
348 2360 513 2448 Α88118811
536 2359 661 2445 Tyanei
684 2359 814 2441 (ll3a),
838 2359 986 2424 Melissae
1007 2364 1042 2424 et
1059 2359 1163 2445 Myiae
1186 2359 1389 2446 (Pythagora
1408 2361 1521 2443 1278),

210 2459 419 2546 Hippocratis
435 2458 523 2538 (inde
538 2457 580 2523 ab
597 2459 689 2544 epist.
706 2457 829 2523 xv11.:
851 2458 963 2538 1281)).
1011 2456 1136 2530 Quibus
1157 2458 1385 2523 continuantur
1400 2459 1522 2544 scripta

206 2555 370 2644 quaedam
385 2557 569 2622 Aristotelis
585 2555 924 2642 (Physiognomonioa,
944 2558 1014 2642 cept
1036 2557 1182 2639 κόσμου),
1206 2554 1422 2641 Theophrasti
1437 2554 1522 2644 (περὶ

206 2651 414 2741 αἰσθήσεως),
427 2654 593 2719 Ammonii
604 2665 660 2719 τοῦ
676 2664 791 2733 caasa,
809 2659 963 2718 tractatus
976 2654 1127 2718 metricus
1140 2655 1406 2734 quaternionibus
1418 2655 1523 2742 plenis

208 2754 387 2832 absolutus,
416 2758 514 2836 atque
541 2751 664 2814 iterum
686 2773 706 2814 8
734 2752 946 2836 quaternione
973 2773 1056 2816 novo
1084 2751 1274 2838 incipientes
1301 2750 1416 2836 (manu
1443 2755 1521 2835 8118)

207 2851 366 2937 epistolae
394 2848 600 2914 Aeschinis
630 2847 724 2928 (Xll:
750 2847 865 2926 2248),
894 2847 1103 2933 Hippocratis
1128 2848 1269 2927 (1.-V.:
1293 2851 1411 2933 2351)),
1435 2850 1522 2917 Pha-

211 2947 323 3014 laridis
351 2944 497 3031 (xv11h
527 2943 649 3027 2378);
677 2944 794 3011 681868
824 2944 996 3029 [Herodoti
1024 2945 1258 3030 Halicarnasei]
1287 2951 1357 3035 aspi
1384 2961 1439 3035 τῆς
1465 2959 1522 3016 τοῦ

206 3047 329 3133 euripos
343 3045 495 3131 γενέσεως
510 3047 564 3110 καὶ
579 3043 701 3131 ἡλικίας
717 3045 770 3108 καὶ
786 3043 889 3130 βιοτῆς
909 3041 1040 3126 (2428),
1065 3044 1219 3129 epistolae
1243 3045 1385 3111 Socratis
1400 3043 1522 3131 (2568)

211 3154 245 3210 81
276 3143 499 3230 Xenophontis
536 3140 592 3225 (ὡς
624 3143 711 3207 δοκεῖ
737 3143 758 3227 i)
786 3142 926 3228 αἰσχίνου
952 3151 1006 3206 τοῦ
1040 3152 1237 3227 σωκρατικοῠ
1269 3143 1289 3207 1.
1314 3142 1520 3212 88888118.

211 3241 304 3308 XXI.
318 3264 380 3328 sq:
399 3239 504 3324 2588)
517 3247 614 3325 atque
631 3246 786 3305 tractatus
801 3243 870 3325 περὶ
886 3239 1071 3327 προθέσεων
1083 3237 1205 3322 (2628)
1218 3246 1251 3304 81
1264 3244 1334 3326 περὶ
1350 3241 1523 3324 συντάξεως

207 3340 265 3406 καὶ
288 3337 454 3426 ὀνομασίας
477 3337 622 3424 ῥημάτων
639 3336 769 3421 (2738).
818 3337 880 3403 1118
903 3339 985 3403 liber
1007 3344 1057 3404 est
1072 3337 1203 3424 'Paylori
1223 3336 1272 3422 (et
1285 3338 1424 3422 Reiskii,
1447 3342 1522 3408 vide

208 3438 253 3503 ,86
277 3439 346 3504 886.
365 3437 456 3502 Harl.
474 3437 575 3517 5610)
598 3437 666 3501 886.
684 3436 722 3516 Β,
748 3457 844 3521 quem
868 3436 1014 3502 Blassius
1037 3458 1208 3524 perperam
1228 3459 1286 3522 pro
1310 3439 1380 3503 cod.
1397 3459 1418 3521 q
1438 3438 1521 3522 (1.8.

210 3535 392 3616 118861888,
415 3535 490 3600 vide
511 3557 564 3600 no.
581 3532 641 3615 48)
664 3535 791 3600 habuit:
817 3534 1025 3600 nihilominus
1048 3536 1080 3600 18
1106 3542 1264 3621 apparatu
1287 3557 1370 3616 meo,
1396 3538 1522 3622 quoties

211 3634 265 3698 hic
288 3634 370 3699 liber
392 3633 607 3699 nominandus
631 3639 709 3713 erat,
740 3638 852 3698 notam
874 3653 894 3715 q
916 3633 1046 3714 retinui,
1074 3653 1116 3698 88
1140 3654 1213 3698 oum
1237 3633 1346 3698 codiee
1369 3632 1522 3699 Barbari·

212 3731 310 3795 81888
341 3727 397 3810 (ε
416 3730 458 3813 Β)
487 3730 714 3796 confundatur.
767 3729 903 3797 Codices
934 3737 1053 3813 autem,
1084 3752 1165 3817 quos
1194 3730 1353 3816 Taylorus
1383 3733 1524 3798 excussit

207 3823 257 3911 (Α
274 3833 306 3891 81
321 3825 372 3910 Β),
395 3828 490 3894 ambo
506 3826 677 3893 Harleiani
696 3835 781 3909 sunt,
802 3829 889 3914 quod
908 3829 960 3893 hic
975 3835 1122 3894 notatum
1139 3827 1221 3893 volo.
1263 3828 1301 3892 81
1323 3850 1396 3915 pag.
1415 3831 1457 3896 32
1473 3852 1521 3917 sq.

426 3974 559 4046 Cxonll
581 3982 628 4058 (in
652 3979 848 4046 bibliotheca
872 3979 1079 4061 Bodleiana):

303 4113 337 4194 3)
366 4113 445 4178 886.
479 4112 698 4181 Grebianus
737 4116 787 4195 15,
822 4115 963 4180 chartac.
995 4116 1028 4179 in
1056 4111 1285 4196 4018111118,
1318 4136 1401 4181 8888.
1429 4115 1521 4182 XVI.

209 4213 374 4278 Volumen
402 4211 463 4276 hoc
486 4219 559 4297 post
586 4213 664 4278 folia
690 4215 798 4278 1-24
826 4213 915 4299 prelo
943 4213 1102 4298 impressa
1124 4213 1348 4299 complectitur
1370 4214 1523 4298 epistola·

208 4333 285 4378 sum
312 4310 536 4376 collectionem
563 4310 674 4380 Basilii
704 4317 736 4376 et
762 4310 892 4377 Libonii
919 4309 1104 4397 (ἀμοιβαῐαιε
1134 4310 1225 4391 258),
1254 4311 1367 4377 Basilii
1390 4312 1520 4394 (XXllt

207 4410 306 4490 308),
330 4407 464 4473 Chionis
484 4406 592 4490 (448),
616 4409 823 4474 Aeschinis
852 4407 948 4492 (th
972 4409 1061 4490 548),
1087 4409 1251 4495 Apollonii
1267 4408 1390 4496 ’188881
1413 4408 1521 4491 (638),

213 4507 332 4572 Iuliani
359 4504 445 4589 (728
474 4506 514 4571 86
540 4510 623 4586 958;
651 4508 685 4572 18
713 4506 767 4572 181.
791 4508 859 4572 951)
887 4529 990 4572 vacuo
1019 4507 1100 4573 haec
1127 4508 1280 4594 leguntur
1304 4505 1385 4594 ἦσαν
1407 4507 1442 4572 δὲ
1468 4509 1521 4574 καὶ

207 4603 624 4694 118818181688888818188ιί
640 4605 890 4696 ἰσοκράτουςκαί
906 4605 1036 4692 βροὺτου
1055 4615 1111 4672 τοῦ
1133 4604 1294 4692 pupulos).
1342 4604 1420 4670 Post
1442 4605 1523 4670 haee

209 4703 294 4767 liber
317 4704 542 4769 miscellaneus
566 4709 614 4768 est
637 4703 899 4788 graeco-latinus.
949 4703 987 4768 ef.
1004 4725 1079 4790 pag.
1097 4705 1150 4770 80.

1329 4805 1360 4862 10
