3614 5318
614 477 657 533 Dc
676 477 811 534 codicum
830 478 1011 534 auctoritate.
1421 481 1465 545 43

157 698 232 742 cum
253 676 333 741 locis
357 675 554 740 conveniunt
573 675 673 739 verba
696 675 783 738 haud
806 695 880 738 raro
904 674 1024 740 omissa
1039 675 1091 738 vel
1106 675 1317 740 collocatione
1332 680 1465 756 mutata,

158 796 187 840 a.
212 796 243 859 g.
268 774 416 838 conferas
439 770 474 836 II
498 774 517 837 5
541 774 617 857 πρὸς
639 781 695 837 τοῦ
718 772 796 849 διδςι
820 782 875 835 τοῦ
898 793 961 837 om.
985 774 1015 837 A
1039 773 1107 854 sol.,
1132 773 1218 857 quod
1239 773 1378 838 editores
1393 779 1467 858 post

156 871 328 936 Reiskium
357 891 423 936 non
453 875 541 934 recte
565 870 793 955 probaverunt,
818 869 858 934 cf.
883 867 970 933 le
997 875 1029 934 et
1047 867 1155 934 ΧΠ9
1182 875 1225 956 μὰ
1252 873 1306 936 τόν
1331 872 1382 936 δία
1410 907 1463 953 -,

157 991 240 1056 quae
268 971 374 1035 veloci
399 988 438 1032 ac
464 988 580 1051 parum
608 977 758 1032 accurato
785 968 992 1033 librariorum
1019 967 1092 1032 stilo
1116 969 1233 1034 tribuo.
1260 1003 1301 1012 -
1325 967 1464 1032 Verum-

156 1072 265 1131 tamen
289 1067 390 1131 multo
415 1067 546 1150 gravius
571 1066 670 1130 codex
694 1065 725 1128 V
749 1072 918 1151 corruptus
941 1071 999 1147 est,
1022 1066 1109 1150 quod
1137 1067 1347 1150 castigatione
1376 1066 1463 1130 arbi·

155 1165 258 1229 traria
285 1164 407 1228 factum
435 1185 505 1227 esse
536 1164 617 1228 haec
645 1163 792 1248 exempla
819 1169 947 1248 praeter
973 1163 1061 1228 locos
1085 1185 1183 1249 snpra
1206 1164 1382 1248 exscriptos
1405 1163 1462 1226 de-

156 1267 353 1326 monstrant:
378 1261 412 1324 X
431 1264 446 1323 l
464 1264 547 1326 κατὰ
562 1261 643 1326 θέαν
661 1258 745 1325 GAP
772 1263 809 1338 >
835 1261 885 1325 ότε
908 1264 992 1327 κατὰ
1014 1261 1095 1326 θέαν
1111 1261 1139 1325 Β
1158 1264 1197 1339 >
1215 1263 1297 1327 ἐστιν
1314 1264 1366 1326 ότε
1380 1263 1463 1325 κατά

159 1358 241 1423 θέαν
258 1358 303 1437 V;
325 1357 376 1422 XI
391 1358 411 1421 3
428 1360 465 1423 οὐ
485 1359 686 1445 χαριζόμενος
707 1357 807 1423 uAP:
831 1359 868 1423 οὐ
883 1359 1069 1445 χαρίζεσθαι
1092 1359 1215 1446 μέλλων
1239 1358 1313 1441 VB3
1336 1356 1405 1422 XII
1422 1359 1462 1422 10

158 1455 292 1541 ὄμμασιν
307 1454 406 1520 OAP:
424 1456 599 1541 ὀφθαλμοῖς
612 1455 686 1535 VB;
713 1459 752 1518 17
765 1454 804 1539 ἣν
816 1456 1008 1541 παρακαλῶν
1025 1501 1034 1519 .
1051 1506 1059 1520 .
1079 1458 1243 1543 ,αἰσχίνης
1254 1457 1391 1541 οὐδαμοῦ
1409 1504 1416 1520 .
1431 1505 1439 1518 .
1456 1503 1464 1519 .

159 1553 401 1639 ἀναγκαιότερον
431 1552 518 1639 O4A:
541 1552 563 1636 ἢ
590 1553 797 1639 παρακαλῶ.
826 1599 835 1616 .
865 1599 873 1615 .
908 1556 968 1618 οὐκ
994 1555 1134 1640 αἰσχίνης
1162 1557 1403 1640 οὐδαμῶς...
1439 1551 1464 1637 ᾧ

158 1651 401 1739 ἀναγκαιότερον
418 1651 476 1715 VB
501 1651 589 1732 (vida
610 1673 683 1737 pag.
701 1649 770 1732 38).
817 1649 992 1716 Praeterea
1007 1653 1140 1717 lacunas
1157 1653 1331 1718 admodum
1347 1672 1463 1736 graves

155 1749 190 1813 in
214 1749 283 1813 cod.
302 1749 332 1813 V
356 1749 512 1834 significo,
536 1749 621 1813 iuter
644 1771 725 1834 quas
747 1755 815 1813 tota
830 1749 910 1814 haec
926 1751 1086 1815 sententia
1100 1750 1328 1835 praetermissa
1345 1747 1466 1813 eminet

155 1845 206 1909 XI
232 1851 246 1909 1
273 1847 356 1932 πλὴν
385 1849 415 1912 εἴ
442 1870 470 1912 τι
499 1848 562 1912 δέοι
586 1848 627 1911 ad
651 1850 670 1910 2
694 1847 862 1912 κατέλιπον
890 1848 951 1932 γὰρ
978 1850 1037 1912 οὐκ
1063 1847 1197 1933 ὀλίγους,
1228 1855 1260 1912 et
1287 1848 1460 1911 verborum

156 1945 455 2029 sententiarumque
490 1945 786 2024 transmutationes,
825 1967 865 2008 ex
895 1946 1012 2031 quibus
1045 1947 1188 2010 notanda
1222 1945 1350 2009 videtur
1383 1943 1465 2006 hacc

157 2040 260 2106 XIIA
283 2044 361 2128 ἐφην
386 2044 420 2107 δὲ
442 2045 516 2120 ὐσως
541 2037 591 2127 ἐφ’
613 2043 658 2121 οῖς
681 2043 723 2106 ad
745 2053 996 2130 κατηγοροῦντος
1020 2043 1121 2109 ἑάλων
1139 2044 1329 2108 collocatum
1352 2039 1460 2126 post5

159 2141 290 2224 ἐμαυτόν
314 2143 416 2225 οἴομαι
439 2140 608 2225 γεγονέναι.

246 2237 394 2302 Breviter
422 2239 561 2323 denique
594 2240 638 2303 de
674 2239 818 2304 codicis
846 2240 877 2302 A
905 2240 1220 2305 correctionibus
1254 2256 1464 2322 exponamus,

158 2355 240 2418 quae
263 2336 297 2399 in
321 2341 410 2401 textu
433 2337 631 2403 recensendo
654 2359 720 2402 non
736 2337 892 2401 mediocri
916 2338 988 2400 usui
1003 2342 1088 2419 sunt,
1113 2359 1186 2401 cum
1201 2334 1338 2420 vestigia
1353 2353 1465 2398 recen-

157 2433 255 2497 sionis
280 2435 446 2499 cuiusdam
470 2435 656 2519 deperditae
680 2435 881 2499 servaverint
902 2441 1034 2520 propter
1057 2436 1282 2520 cognationem
1304 2453 1377 2497 cum
1394 2430 1464 2494 cod.

156 2529 189 2594 H
205 2552 270 2596 non
287 2533 517 2617 neglegendae.
543 2533 649 2618 Atque
665 2533 775 2597 variae
790 2533 944 2598 lectiones
960 2533 993 2597 iu
1008 2533 1039 2597 A
1050 2535 1156 2619 prima
1171 2554 1270 2597 manu
1285 2530 1465 2614 adscriptae

155 2629 221 2693 iam
245 2630 454 2715 archetypum
479 2631 547 2694 eius
563 2632 818 2694 centauricatum
837 2631 938 2694 fuisse
953 2631 1093 2715 probant
1108 2651 1182 2696 oum
1198 2631 1308 2695 codice
1324 2627 1464 2713 quodam

155 2725 262 2790 bonae
292 2733 402 2791 notae:
438 2727 454 2790 I
485 2730 505 2793 3
536 2730 643 2813 ὥσπερ
673 2730 751 2793 εἴτι
781 2749 829 2812 pr.
854 2767 887 2786 =
913 2725 975 2808 GP,
1009 2751 1028 2792 σ
1056 2750 1155 2814 supra
1185 2731 1214 2794 εἴ
1234 2727 1307 2792 add.
1332 2747 1379 2811 pr.
1405 2722 1462 2806 (cf.

158 2825 263 2910 ῶσπερ
286 2827 368 2909 εἴητε
391 2823 457 2906 Η);
480 2828 501 2888 4
524 2822 579 2890 ἀπ’
602 2826 719 2911 ἄρκτου
742 2847 790 2910 pr.
816 2865 849 2884 =
873 2824 910 2904 B,
934 2821 989 2888 ἀπ’
1013 2829 1136 2910 ἄρκτων
1161 2848 1184 2890 s.
1202 2847 1231 2889 v.
1258 2845 1338 2888 corr.
1356 2844 1403 2907 pr.
1421 2848 1464 2876 =

156 2920 232 3002 HO3
256 2921 321 2986 VII
336 2923 356 2987 5
373 2924 553 3007 ἀκροᾶσθαι
569 2945 628 3008 pr.,
646 2945 661 2988 ε
677 2945 701 2986 s.
719 2943 751 2988 αι
768 2945 848 2988 corr.
866 2945 914 3007 pr.
933 2959 973 2966 —
991 2923 1080 2987 Alia
1104 2928 1230 2987 autem
1255 2941 1388 2985 manus
1412 2917 1464 2982 vel

157 3041 195 3083 ex
219 3020 283 3084 alio
306 3020 389 3084 libro
413 3021 466 3084 vel
489 3020 652 3105 exipsius
676 3021 841 3106 archetypi
859 3021 1108 3086 correctionibus
1124 3021 1183 3085 hos
1198 3019 1322 3084 librarii
1338 3037 1464 3081 errores

157 3118 290 3182 delevit:
326 3117 499 3184 Ι4πόλει
522 3120 644 3204 πατρίδι
666 3140 727 3203 pr,
762 3119 851 3184 πόλει
874 3119 982 3182 indux.
1009 3121 1044 3198 2;
1078 3119 1219 3204 τὲταρσιν
1242 3138 1302 3202 pr.,
1327 3135 1408 3180 corr.
1426 3113 1464 3190 2;

156 3213 207 3279 III
232 3214 248 3276 l
273 3215 417 3302 ἠτύχησα
441 3217 687 3302 ἐπολιτευσόμην
712 3217 822 3281 colloc.
846 3238 906 3301 pr.‚
932 3237 1012 3281 corr.
1039 3219 1074 3296 2;
1108 3215 1233 3294 εἰδότως
1255 3235 1303 3299 pr.
1329 3211 1383 3293 (cf.
1409 3209 1463 3294 O),

156 3333 237 3377 corr.
263 3312 387 3393 2;V11
412 3317 431 3378 2
455 3313 551 3399 ταότη
576 3326 637 3393 τοῖς
682 3336 742 3400 pr.‚
767 3335 848 3378 corr.
874 3317 909 3393 23
934 3351 976 3360 —
1000 3315 1093 3379 haee
1116 3315 1298 3398 vulgatae
1322 3331 1464 3376 memo·

157 3411 238 3474 riae
272 3413 369 3475 vitia
403 3412 615 3476 secundum
652 3413 730 3476 cod.
759 3412 792 3476 Η
824 3412 995 3477 sustulit:
1031 3411 1047 3476 I
1075 3415 1096 3476 4
1123 3413 1224 3497 γένοις
1252 3433 1299 3496 pr.
1325 3409 1382 3492 (=
1408 3407 1462 3490 0),

157 3509 318 3593 γενόμενοι
364 3512 482 3574 eorr.2
507 3535 550 3564 =
574 3508 621 3589 H3
645 3509 710 3574 Vll
732 3511 748 3573 l
774 3520 818 3574 τῶ
842 3509 1017 3596 μελανῶπω
1039 3532 1087 3596 pr.
1106 3514 1153 3589 (=
1169 3510 1221 3592 V),
1245 3516 1290 3574 τῶ
1313 3507 1461 3571 indunt

157 3645 191 3664 =
206 3605 284 3685 Πῶς
308 3607 391 3672 ἀλλὰ
409 3609 504 3693 τυχόν
520 3628 568 3692 pr.
581 3605 629 3688 (=
652 3606 698 3690 a),
715 3603 786 3673 ἀλλ’
803 3610 928 3695 ἀτυχῶν
945 3629 1026 3673 corr.
1052 3611 1072 3670 2
1088 3638 1124 3658 =
1138 3609 1187 3688 H3
1205 3643 1246 3651 -
1259 3606 1344 3670 hunc
1356 3604 1463 3668 locum

157 3725 197 3767 cx
219 3704 329 3768 codice
353 3703 380 3768 O
403 3704 555 3769 restituit:
580 3704 596 3768 I
621 3705 639 3768 5
665 3708 793 3790 ἐρρωσο.
813 3700 823 3772 l
839 3716 1030 3790 κτησιφῶντι
1052 3706 1087 3770 Η
1111 3708 1150 3783 >
1176 3704 1335 3791 ἐρρῶσθαι
1357 3721 1464 3786 κτησι·

157 3810 254 3885 φῶντι
285 3801 313 3865 V
337 3833 373 3852 =
403 3803 551 3888 ἐπιστολὴ
575 3801 693 3888 πρώτη.
717 3804 876 3889 ἐρρῶσθαι
906 3814 1095 3890 κτησιφῶντι
1120 3807 1149 3868 Α
1171 3825 1219 3888 pr.
1247 3804 1285 3879 >
1312 3798 1461 3883 ἐπιστολὴ

156 3897 278 3984 πρῶτη.
307 3901 464 3984 ἐρρῶσθαι
488 3901 597 3964 indux.
625 3901 666 3986 A2
683 3931 719 3950 =
735 3899 771 3980 Ο,
797 3903 852 3986 qui
875 3903 1005 3966 omuino
1030 3902 1147 3967 omittit
1169 3903 1303 3988 ἐρρωσος
1322 3933 1362 3942 -
1383 3897 1463 3961 haec

156 3997 289 4080 iusuper
315 3997 434 4062 menda
457 4006 577 4063 temere
600 3999 708 4063 intulit
730 3997 782 4062 III
808 4003 820 4062 1
849 4002 1019 4083 ἀγανακτῶ
1042 4022 1089 4084 pr.
1114 4030 1150 4050 =
1174 3999 1277 4080 codd,
1301 3996 1464 4082 ὀργίζομαι
1554 4079 1556 4082 ¹

157 4118 181 4159 s.
206 4116 235 4158 v.
261 4115 342 4158 corr.
362 4096 396 4174 2;
423 4095 485 4160 VII
503 4097 519 4159 l
543 4098 577 4162 δὲ
595 4099 654 4162 οὐκ
669 4119 717 4182 pr.
731 4127 767 4146 --
783 4097 886 4178 codd,
903 4099 937 4162 δὲ
953 4093 1018 4162 οὐδ’
1033 4118 1114 4162 corr.
1132 4099 1163 4164 2.
1195 4094 1353 4161 Conicras
1368 4115 1463 4179 prae·

156 4200 245 4258 terea
268 4193 326 4257 has
351 4196 542 4286 correctoris
566 4196 610 4280 A2
625 4195 791 4274 lectiones,
814 4217 897 4280 quac
913 4197 1088 4279 genuinam
1111 4195 1251 4260 auctoris
1274 4192 1464 4258 memoriam

158 4291 361 4356 -fortasse
389 4312 429 4355 ex
456 4292 576 4356 codicis
605 4293 636 4356 H
658 4294 847 4358 recensione
875 4293 1042 4377 deperdita
1062 4329 1104 4338 —
1129 4298 1321 4359 conservant
1344 4288 1464 4354 autad

158 4410 229 4453 eam
252 4388 398 4474 proxime
422 4389 553 4469 quidem
576 4391 748 4456 accedunt:
772 4389 806 4454 X
832 4391 872 4454 10
895 4389 961 4456 εἶτα
984 4392 1124 4478 πρόσθεν
1148 4390 1214 4457 εἶτα
1237 4390 1355 4469 ξενῶνα
1378 4388 1462 4470 ῶστη

157 4486 278 4572 ἀνόμως
312 4486 362 4551 XI
386 4488 406 4551 3
431 4491 509 4572 μετὰ
541 4496 595 4552 τοῦ
623 4490 741 4569 δοκεῑν;
777 4490 796 4554 8
826 4489 904 4574 ὑπὲρ
930 4491 1026 4575 αὐτῆς
1053 4490 1244 4574 εἰσεγένοντσ
1273 4490 1305 4552 ἐν
1334 4487 1413 4569 αὐτῇ
1435 4483 1464 4548 οἱ

156 4584 225 4649 θεοὶ
248 4605 309 4669 pr.,
331 4585 525 4670 εἰσεγένοντο
550 4586 660 4650 indux.
686 4589 705 4649 2
731 4583 820 4667 (vide
842 4586 928 4650 iufra
950 4608 1024 4672 pag.
1048 4587 1124 4668 46);
1151 4590 1190 4651 12
1215 4587 1372 4672 στρατιάςς
1395 4578 1463 4644 XII

159 4680 197 4744 17
221 4683 260 4766 ἣν
283 4684 501 4767 παρακαλῶν.
520 4734 526 4747 .
545 4731 552 4747 .
577 4684 717 4770 αἰσχίνης
733 4685 870 4769 οὐδαμοῦ
886 4685 962 4764 κτὲ.,
993 4686 1067 4750 vido
1088 4707 1186 4771 supra
1201 4705 1274 4769 pag.
1293 4682 1345 4746 38.
1371 4680 1464 4744 Aliae
