3614 5318
595 504 639 558 De
658 504 793 560 codicum
811 505 993 560 auctoritate.
1403 510 1447 571 45

230 705 269 768 Iu
293 725 342 788 ep.
360 704 427 766 v3
452 703 536 778 ὅσοις
564 702 627 786 ἐγὼ
651 702 835 787 μεδίμνοις.
861 748 868 762 .
893 749 902 765 .
925 703 1045 780 πάντας
1071 703 1255 779 κοθωκίδας
1278 704 1447 788 διαρκεῖν

126 807 178 868 ἂν
214 803 369 886 ἐδυνάμην
397 801 534 865 verbum
567 801 702 884 διαρκεῖν
737 821 811 863 cnm
846 801 1029 864 accusativo
1065 807 1283 865 constructum
1318 802 1449 866 notione

133 908 345 984 „sustentare
380 898 541 982 aliquem“
578 896 640 979 (sic
679 896 823 983 Taylor.)
863 898 959 982 plane
999 897 1180 962 inauditum
1220 905 1278 963 est.
1340 900 1450 972 Quare

130 999 278 1089 Wolfius
291 998 523 1062 correctionem
539 997 654 1079 διάγειν
667 995 719 1059 vel
733 995 906 1081 διατρέφειν
923 996 1171 1076 commendavit,
1184 1018 1267 1082 quae
1279 1003 1451 1083 propterea

132 1097 300 1181 displicet,
313 1097 390 1180 quia
405 1115 445 1158 ex
461 1093 563 1158 verbo
574 1094 745 1178 perspicuo
760 1095 815 1158 rix
829 1095 994 1159 insolitum
1006 1093 1085 1158 illud
1098 1095 1235 1180 διαρκεῖν
1257 1103 1363 1160 ortum
1378 1117 1450 1160 asse

134 1200 257 1281 potest.
304 1193 449 1257 Verbum
472 1193 578 1276 potius
594 1191 751 1256 excidisse
767 1191 969 1272 crediderim,
993 1213 1058 1276 qua
1074 1192 1114 1256 de
1130 1213 1228 1257 causa
1244 1193 1450 1278 participium

138 1293 293 1368 ἑστιάσας
321 1291 373 1354 vel
400 1289 505 1354 simile
533 1289 612 1375 qnid
634 1289 850 1374 supplendum
872 1311 1032 1374 propono:
1070 1325 1111 1334 -
1136 1326 1178 1334 —
1201 1291 1322 1368 πάντας
1344 1292 1451 1355 κοθιο-

139 1392 247 1476 κίδας
277 1385 482 1473 (ἑστιάσας)
510 1385 647 1473 διαρκεῖν
670 1389 709 1452 ἂν
733 1388 901 1473 ἐδυνάμην.

233 1487 398 1572 Epistolae
436 1485 479 1548 X.
508 1486 636 1550 initium
670 1485 769 1550 variis
802 1486 929 1551 laborat
962 1487 1163 1572 corruptelis,
1203 1507 1276 1551 curn
1310 1486 1450 1572 primum

142 1585 276 1671 quidem
299 1584 436 1649 verbum
458 1583 544 1668 quod
567 1589 702 1648 vocatur
723 1582 851 1647 finitum
874 1584 1083 1666 desideretur,
1107 1606 1170 1670 quo
1187 1585 1360 1649 enarrandi
1375 1605 1453 1648 con·

142 1685 252 1750 silium
268 1684 476 1766 explanatum
494 1703 564 1745 esse
580 1690 719 1765 oportet:
750 1703 867 1767 nempe
890 1682 1024 1766 languet
1039 1682 1141 1746 oratio
1156 1682 1263 1763 valde,
1293 1681 1452 1766 siquidem

143 1805 185 1846 ex
207 1781 344 1846 relativo
368 1779 419 1845 οία
443 1827 451 1842 .
477 1828 484 1843 .
510 1829 517 1842 .
542 1781 623 1865 ἡμᾶς
646 1779 795 1865 δέδρακεν
819 1780 1012 1846 sententiam
1027 1781 1164 1864 primam
1181 1790 1283 1846 ταῖνεα
1300 1781 1451 1867 δέδρακεν

143 1879 338 1946 sumendam
365 1900 438 1943 esse
464 1882 625 1963 putamus.
672 1876 820 1942 Restitno
845 1898 936 1962 ergo:
961 1878 978 1941 ὁ
1001 1879 1039 1962 δὴ
1062 1878 1173 1962 κίμων,
1198 1876 1248 1942 οία
1274 1925 1281 1942 .
1307 1928 1314 1940 .
1341 1927 1347 1940 .
1372 1879 1453 1964 ἡμεῖς

143 1979 339 2064 δέδρακεν..
355 2025 362 2038 .
378 1978 415 2040 οὐ
426 1975 522 2060 νόμου
536 1975 714 2060 φειδόμενος
725 1975 859 2058 οὐδενός,
877 1971 1112 2060 <διηγήσομαι>ς
1124 1997 1165 2040 ex
1177 1981 1328 2060 corrupto
1344 1981 1453 2039 autem

144 2078 184 2140 οὐ
217 2075 330 2152 κὺδους
363 2071 508 2158 OApnP
536 2073 588 2138 vel
620 2075 656 2137 οὐ
677 2074 792 2158 κήδους
819 2072 936 2159 mvn,
973 2073 1060 2157 quod
1082 2071 1254 2137 Dobraens
1276 2075 1335 2137 οὐκ
1359 2074 1455 2149 έθους

144 2173 322 2257 rescripsit,
347 2172 495 2236 usitatius
518 2177 615 2256 atque
633 2171 748 2236 litteris
768 2171 901 2257 propius
921 2172 980 2235 οὐκ
999 2171 1100 2256 ἤθους
1118 2171 1226 2235 elicio:
1249 2171 1318 2254 ἠθη
1334 2171 1455 2234 etenim

146 2278 245 2356 atque
269 2269 381 2354 νόμους
404 2269 592 2353 saepissime
615 2269 766 2354 copulata
787 2269 913 2334 videbis
929 2290 956 2333 e.
981 2291 1012 2354 g.
1036 2269 1123 2353 apud
1146 2268 1257 2354 Eurip.
1276 2267 1359 2332 lled.
1377 2267 1453 2346 238,

148 2368 269 2433 Herod.
287 2365 321 2431 Π
344 2367 397 2447 35,
421 2366 520 2432 lsocr.
546 2365 596 2430 III
613 2369 666 2450 56,
690 2366 736 2432 IV
751 2369 793 2432 55
818 2397 851 2417 =
874 2366 941 2431 XII
960 2368 1022 2432 169
1045 2373 1106 2430 etc.

238 2465 332 2529 Alius
360 2465 506 2530 eiusdem
533 2467 688 2549 epistolae
716 2471 766 2530 est
791 2465 880 2530 locus
909 2464 1078 2530 manifesto
1103 2471 1271 2549 corruptus
1294 2463 1363 2546 §tt
1396 2463 1454 2528 nbi

148 2565 304 2630 traditum
331 2569 380 2627 est
400 2565 457 2627 καί
484 2560 589 2640 άλλως
616 2559 643 2628 δ’
674 2563 774 2628 ἐδόκει
798 2562 852 2644 (ci.
869 2563 925 2643 R.)
949 2583 1010 2647 μοι,
1040 2565 1112 2649 ἔφη,
1136 2563 1179 2640 ὡς
1203 2567 1245 2649 μὴ
1269 2563 1454 2629 παντάπασι

148 2667 189 2729 τά
213 2664 246 2727 έν
270 2662 338 2746 ίλίῳ
361 2661 497 2747 τραγικά
518 2683 553 2726 τε
575 2663 631 2725 καί
654 2660 771 2747 φοβερά
792 2659 828 2745 ἦ,
853 2661 995 2726 παθεῖν
1023 2663 1100 2726 δεῖν
1128 2661 1198 2726 καί
1223 2683 1257 2726 τι
1284 2661 1457 2747 ἡμᾶςκαὶ

149 2761 215 2826 olor
242 2761 275 2825 ἐν
303 2759 482 2845 κωμῳδίαις
509 2758 578 2843 περί
609 2760 663 2823 τὸν
697 2758 896 2844 σκάμανδρον
925 2759 1139 2842 ἐργάσασθαι.
1198 2757 1293 2831 Quod
1320 2757 1458 2822 Wolfius

151 2858 336 2924 emendavit
359 2894 401 2903 —
425 2891 467 2902 «-
490 2855 521 2943 ἦ,
545 2857 662 2922 παθεῖν
686 2857 748 2921 δεῖν
771 2878 800 2921 τι
819 2859 875 2921 καί
890 2854 971 2941 ἡμεῖς
985 2858 1040 2920 καί
1068 2855 1158 2936 (item
1174 2855 1214 2920 R.
1231 2855 1293 2919 Bk.
1311 2854 1457 2930 Herch.).

151 2957 337 3022 Hercherus
359 2955 391 3040 ἠ,
418 2955 540 3034 παίζειν
573 2957 635 3020 δεῖν
662 2976 692 3019 τι
722 2953 778 3018 καί
800 2955 881 3040 ἡμεῖς
908 2957 973 3036 καί,
1002 2952 1195 3017 Weidnerns
1217 2950 1249 3036 ἦ,
1277 2953 1396 3017 παθεῖν
1419 2952 1457 3035 δὴ

151 3056 208 3120 καί
234 3077 263 3120 τι
290 3057 370 3140 ἡμᾶς
397 3053 462 3136 καί,
496 3052 642 3117 Blassius
668 3051 689 3137 ἢ
717 3052 843 3137 μαθεῖν,
878 3053 940 3116 δεῖν
963 3073 993 3116 τι
1018 3049 1100 3136 ἡμᾶς
1122 3052 1187 3114 καί.
1234 3049 1395 3134 Equidem
1418 3069 1459 3111 ex

153 3153 317 3218 codicibus
339 3151 504 3215 levissima
526 3152 704 3216 mutatione
727 3149 833 3214 efficio
856 3148 887 3234 ἦ,
911 3150 1028 3214 παθεῖν
1052 3149 1115 3214 δεῖν
1144 3144 1305 3232 κακνόν)
1326 3169 1356 3212 τι
1377 3147 1459 3232 ἡμᾶς

151 3254 208 3316 καί
231 3249 294 3315 οίον
320 3299 327 3312 .
353 3299 361 3312 .
385 3298 392 3310 .
418 3247 476 3331 (cl.
492 3248 543 3314 XI
559 3250 590 3329 5,
620 3249 682 3330 ll),
710 3255 745 3313 ut
768 3248 807 3311 iis
830 3248 938 3328 rebus,
961 3268 1044 3332 quae
1060 3247 1121 3327 Ilii,
1146 3247 1268 3311 scilicet
1289 3247 1324 3310 in
1348 3243 1459 3325 Iliade,

153 3350 276 3434 tragice
303 3352 336 3410 et
366 3348 516 3411 atrociter
543 3353 727 3425 evenerant,
762 3346 979 3431 parallelismo
1002 3352 1114 3430 aperto
1138 3345 1274 3409 mirum
1297 3343 1460 3429 quoddam

155 3454 251 3530 atque
280 3445 461 3527 ridendum,
496 3445 585 3508 velut
611 3446 644 3510 iu
669 3444 853 3526 comoediis,
889 3450 1069 3528 opponatur
1092 3442 1257 3526 (conferas
1281 3465 1307 3507 e.
1325 3465 1357 3526 g.
1374 3441 1460 3505 lovis

154 3551 252 3629 atque
275 3542 516 3628 Amphitryonis
540 3543 732 3623 historiam).

244 3641 360 3705 Paullo
383 3648 456 3725 post
478 3641 539 3705 hac
561 3641 685 3705 ratione
710 3638 787 3722 §10
810 3639 1023 3725 supplendam
1050 3660 1120 3703 esse
1147 3645 1239 3724 puto:
1271 3638 1288 3700 δ
1311 3635 1346 3699 δὲ
1369 3633 1462 3719 ἐῴκει

162 3737 235 3824 (καί
258 3736 421 3824 δευτέραν)
451 3741 507 3804 καί
537 3739 643 3824 τρίτην
671 3737 854 3814 ἀπόλλωνός
882 3758 932 3821 μοι
959 3738 1044 3802 δοκῶ
1074 3739 1129 3800 καί
1153 3735 1296 3801 διονὺσου
1320 3733 1460 3818 μοιχείαν

157 3839 298 3918 ἐπάξεινι
323 3859 399 3901 nam
422 3845 495 3921 post
516 3844 664 3921 stuprum
688 3834 878 3900 Scamandri
900 3836 971 3898 vice
994 3834 1122 3918 puellae
1144 3833 1270 3897 illatum
1294 3830 1463 3895 Cimonem

157 3941 296 4001 iterum
320 3943 435 4018 atque
463 3924 606 4016 tertium,
640 3933 801 4018 Apollinis
830 3933 984 3996 nimirum
1011 3937 1108 4015 atque
1136 3929 1256 3994 Bacchi
1283 3928 1390 4014 specie
1412 3929 1463 3993 in-

158 4035 281 4114 dutum,
306 4033 500 4098 adulterium
534 4033 780 4097 commissurum
815 4051 885 4094 esse
920 4029 1028 4094 comiti
1051 4027 1157 4092 visum
1191 4034 1249 4092 est.
1295 4027 1464 4092 Maeandri

158 4140 267 4198 autem
297 4137 393 4214 atque
421 4129 586 4209 Herculis,
626 4130 682 4213 qui
709 4128 848 4213 exempli
875 4128 981 4212 gratia
1004 4126 1160 4190 nominati
1183 4131 1268 4207 sunt,
1291 4127 1374 4206 ratio
1398 4147 1464 4190 non

158 4230 304 4309 habetur,
340 4236 376 4292 ut
398 4227 544 4292 Blassius
567 4228 656 4308 (cum
679 4223 829 4306 Reiskio)
853 4225 933 4289 falso
957 4223 1167 4288 ratiocinatus
1191 4222 1245 4288 sit:
1280 4226 1336 4288 καί
1357 4223 1461 4307 τρίτην

165 4327 239 4413 (καί
261 4323 426 4412 τετάρτην)
442 4323 627 4402 acchera
651 4347 702 4409 μοι
724 4324 790 4388 κτὲ.

249 4426 357 4509 Atque
379 4425 413 4488 in
437 4423 572 4507 epistola
594 4421 653 4486 XI.
678 4423 856 4486 orationem
883 4441 935 4484 me
963 4419 1094 4504 quidem
1122 4418 1229 4484 indice
1258 4419 1401 4483 hiantem
1430 4419 1465 4483 in

160 4524 180 4606 ξ
197 4528 216 4587 2
240 4526 389 4589 restituo:
413 4520 483 4606 ὑμῖν
506 4522 541 4585 δέ
563 4517 670 4606 ἑάνρων
693 4520 808 4597 ἄλλους
833 4517 922 4602 [είναι
938 4517 1010 4582 add.
1025 4517 1123 4582 Wolf.
1141 4516 1181 4581 R.
1198 4515 1273 4600 Bk]
1290 4519 1346 4581 καί
1361 4515 1463 4600 λέγειν

160 4621 216 4686 καί
239 4621 384 4706 πράττειν
407 4618 596 4703 δυναμένους
621 4613 844 4703 (διοικοῦντας)
867 4620 906 4681 τά
927 4617 1028 4698 κοινά,
1052 4637 1126 4681 oum
1149 4615 1354 4702 participium
1369 4615 1464 4681 δυνα-

163 4720 271 4806 μένους
294 4720 411 4784 ohiecti
434 4719 505 4783 rice
528 4717 619 4800 fungi
643 4718 699 4780 vix
721 4717 831 4802 possit
