3614 5318
298 511 341 574 70
819 504 1057 575 [mmor]

262 703 479 788 ησκόμενος>Ι
509 701 591 780 οίους
618 700 718 787 λέγειν
737 703 770 768 ἐν
797 699 951 788 Ἀθήναις
979 705 1106 786 ἔπρεπε.
1139 703 1194 766 καί
1217 701 1345 779 τούτους
1373 703 1431 766 ούκ
1446 705 1489 781 εἰς
1512 725 1606 769 συκο·

296 800 426 886 φαντίαν
449 801 620 886 γυμνάσας,
641 800 713 865 ούδέ
736 819 792 866 τινι
814 810 875 866 τῶν
891 799 1026 866 πολιτῶν
1050 799 1139 885 δίκην
1160 799 1369 884 δικασάμενος
1391 801 1606 887 εύρεθησομαι

296 898 400 984 λαβὼν
424 898 577 984 ἀργύριον,
601 898 673 963 οὐδὲ
696 898 797 985 ὕβρεις
819 898 1021 983 ἀποδόμενος,
1044 892 1115 962 ἀλλ’
1138 898 1209 962 οὐδὲ
1232 895 1394 982 ὑβρισθείς
1416 899 1507 980 ὅλως,
1531 900 1606 963 οῦδὲ

295 996 442 1082 ἀφορμὴν
469 996 732 1082 προπηλακισμοῦ
759 995 945 1082 παρασχών,
972 996 1044 1060 οὐδὲ
1080 996 1122 1072 εἰς
1161 993 1248 1080 δίκην
1281 996 1348 1060 τινὰ
1379 1003 1441 1060 τῶν
1470 996 1606 1061 πολιτῶν

261 1093 510 1178 ῦκαταστήσας,
540 1092 600 1171 ἔξω
628 1093 791 1181 Τιμάρχου
820 1094 924 1179 μόνου.
978 1095 1035 1157 καί
1059 1095 1118 1158 οὐκ
1146 1093 1376 1178 ἀλαζονεύομαι
1408 1092 1486 1178 πρὸς
1513 1094 1633 1179 ύμοίς,5

297 1191 339 1268 ὡς
354 1191 458 1256 πολλὰ
472 1191 554 1257 πάνυ
569 1191 673 1278 λαβεῖν
688 1191 756 1271 ἐξόν
773 1211 824 1276 μοι
838 1190 990 1276 χρήματα
1010 1192 1053 1276 μὴ
1075 1190 1194 1276 λαβών·
1216 1185 1289 1254 ἀλλ’
1309 1191 1361 1270 ὡς,
1377 1190 1418 1274 ἣν
1437 1201 1606 1276 προσῆκεν,

297 1289 388 1373 δίκην
415 1293 498 1354 κατά
528 1291 600 1366 τοὺς
635 1288 745 1375 νόμους
777 1284 893 1374 λαβὼν.
944 1291 998 1353 καί
1030 1291 1107 1374 μετὰ
1133 1297 1232 1354 ταῦτα
1260 1288 1354 1353 πάλιν
1380 1288 1606 1374 Κτησιφῶντα,

296 1387 400 1451 πολλὰ
423 1387 478 1470 μὲν
505 1382 559 1451 ὑπ’
585 1389 682 1452 αὐτοῦ
709 1386 836 1466 παθῶν,
864 1385 969 1452 πολλὰ
996 1388 1031 1451 δέ
1059 1387 1119 1452 ύπὸ
1147 1384 1379 1471 Δημοσθένους,
1414 1388 1607 1473 παρανόμων

260 1482 491 1571 4ἑγραψάμην,
515 1484 713 1569 δικαιοτάτην
741 1483 767 1546 ό)
794 1484 864 1548 θεοί
886 1482 1025 1569 γραφήν.
1070 1487 1126 1548 καί
1156 1484 1246 1548 οὐδέν
1270 1483 1468 1569 θαυμαστόν,
1500 1487 1527 1550 εί
1550 1491 1608 1552 καί

295 1589 357 1648 τῶν
380 1581 482 1668 νόμων
504 1592 566 1648 τῶν
589 1581 745 1667 ὑμετέρων
767 1585 823 1646 καί
849 1592 911 1647 τῶν
936 1583 1019 1668 ἐμῶν
1042 1581 1144 1666 λόγων
1172 1581 1193 1665 ἡ
1218 1579 1440 1666 Δημοσθένους
1468 1581 1607 1668 δεινότης
1623 1603 1649 1645 ιο

295 1680 444 1765 κρείττων
479 1680 610 1764 ἐγένετο.
662 1682 739 1763 ἔφην
772 1679 807 1744 δέ
834 1681 908 1757 ἴσως
940 1675 990 1764 ἐφ’
1021 1682 1066 1756 οίς
1098 1678 1329 1765 κατηγορήθην
1362 1680 1513 1766 πρότερον
1545 1683 1607 1746 ὑπὸ

296 1777 529 1863 Δημοσθένους,
550 1778 630 1843 πολύ
654 1777 773 1862 μείζοσι
796 1777 942 1862 δηλονότι
962 1779 1081 1843 τούτων
1104 1773 1182 1859 ούσι,
1207 1772 1247 1841 δι’
1270 1777 1290 1839 ἃ
1312 1786 1366 1843 νῦν
1389 1776 1545 1861 ἐξέπεσον,
1569 1781 1606 1842 οὐ

296 1878 405 1960 μικρόν
431 1877 512 1960 ύμᾶς
542 1876 652 1960 δεῖγμα
680 1885 771 1940 τοῦτο
798 1885 854 1940 τού
881 1876 986 1952 καλῶς
1014 1875 1260 1940 πεπολιτεῦσθαι
1289 1875 1431 1960 νομίζειν,
1460 1878 1505 1941 ότι
1533 1878 1608 1942 οὐδὲ

261 1970 519 2057 5Δημοσθένους
541 1982 789 2059 κατηγοροῦντος
814 1972 924 2039 ἑάλων.
973 1975 1050 2058 μετὰ
1078 1974 1113 2037 δέ
1135 1973 1252 2057 ταύτην
1280 1973 1338 2056 τὴν
1365 1976 1527 2058 συμφορὰν
1550 1976 1608 2038 καί

295 2069 411 2148 τελέως
437 2081 606 2156 καταφανῆ
634 2082 712 2136 πάσι
743 2080 807 2148 τοῖς
833 2067 997 2155 Ἕλλησιν,
1023 2073 1085 2155 οὐχ
1118 2071 1202 2146 ὅπως
1237 2069 1338 2154 μόνοις
1365 2071 1445 2154 ὑμῖν,
1474 2072 1607 2156 ἐμαυτόν
1624 2080 1649 2124 ¹⁵

296 2169 399 2253 οίομαι
433 2167 601 2253 γεγονέναι.
658 2167 704 2246 τίς
737 2172 797 2253 γάρ
826 2170 885 2232 οὐκ
920 2166 1013 2248 οίδεν,
1049 2168 1094 2232 ότι
1127 2167 1343 2242 ἀποθανόντες
1377 2168 1405 2232 οἱ
1440 2169 1607 2253 ἄνθρωποι

298 2264 418 2348 [ούτως]
447 2269 503 2330 καί
531 2266 696 2350 φεύγοντες
728 2267 767 2330 ἐκ
794 2275 857 2330 τῶν
884 2265 1053 2350 πατρίδων,
1087 2264 1158 2330 τότε
1187 2265 1227 2350 δίη
1256 2267 1314 2329 καί
1344 2265 1478 2351 μάλιστα
1506 2267 1609 2333 όποίοί

261 2386 276 2435 ς
295 2383 373 2440 τινες
396 2363 537 2448 ἐγένοντο
560 2365 632 2440 τοὺς
657 2363 801 2447 τρόπους,
826 2363 1065 2443 διαδείκνυνται;
1093 2364 1151 2426 καί
1177 2365 1240 2447 γὰρ
1271 2363 1527 2450 άσυνέκρυπτον
1550 2368 1606 2429 αύ-

295 2464 343 2526 τοί
377 2461 537 2546 πρότερον,
578 2463 616 2524 ἐκ
661 2460 757 2545 μέσου
795 2460 970 2545 γενομένων
1009 2459 1139 2525 ἐκείνων
1188 2459 1392 2544 ἀναφαίνεται
1433 2462 1605 2547 καθαρῶς·

297 2560 433 2624 αἰτιᾶται
456 2561 518 2642 γάρ
542 2558 624 2622 πολύ
652 2557 772 2642 μᾶλλον
795 2560 907 2634 αὐτούς
928 2567 991 2623 τῶν
1020 2557 1150 2642 ἐχθρῶν
1178 2560 1311 2634 ἕκαστος
1334 2559 1423 2624 οὐδέν
1453 2562 1606 2626 ἀντειπεῖν
1623 2584 1652 2627 το

298 2656 495 2742 δυναμένους.
548 2657 577 2720 οί
612 2657 647 2720 δέ
681 2655 722 2740 δὴ
758 2656 924 2740 φεύγοντες
959 2658 1010 2721 ἐπί
1041 2656 1199 2732 τοιαύταις
1235 2656 1357 2734 αἰτίαις,
1394 2657 1436 2734 ὡς
1469 2660 1510 2722 τὰ
1544 2667 1606 2723 τῶν

296 2754 455 2839 πολεμίων
479 2756 528 2818 ἀεί
550 2754 797 2840 προαιρούμενοι,
826 2757 881 2818 καί
908 2754 1069 2832 παντελῶς
1098 2754 1284 2820 δεικνύουσι
1299 2757 1354 2819 καί
1377 2758 1450 2832 τοὺς
1472 2756 1606 2840 τρόπους

296 2855 353 2918 καί
380 2855 436 2931 τὰς
464 2854 496 2918 ἐν
524 2861 567 2938 τῷ
596 2851 820 2918 πολιτεύεσθαι
842 2853 1012 2939 γενομένας
1035 2855 1139 2930 αὐτοῖς
1169 2851 1297 2938 γνώμας
1319 2862 1521 2938 καταφανεῖς·
1550 2856 1608 2918 καί

296 2953 359 3036 γάρ
379 2954 435 3015 καί
458 2953 543 3029 όπως
558 2950 685 3035 φέρουσι
707 2953 764 3028 τάς
786 2952 960 3036 συμφοράς,
984 2954 1040 3016 καί
1060 2951 1103 3029 ὡς
1125 2950 1295 3017 διάκεινται
1315 2953 1392 3035 πρός
1413 2953 1469 3029 τὰς
1486 2952 1606 3017 ἑαυτῶν

262 3065 276 3117 7
297 3048 458 3134 πατρίδας,
481 3048 811 3132 ἐξετάζονταισαφῶς.
851 3042 901 3134 ἆρ’
920 3052 975 3113 οῦν
994 3052 1051 3114 καί
1066 3048 1216 3133 Φιλίππῳ
1237 3049 1369 3135 προδούς
1388 3049 1447 3133 τὴν
1468 3051 1606 3134 ἐμαυτοῦ
1621 3067 1650 3110 25

296 3223 381 3279 Wolf.
401 3222 443 3279 Βί.
463 3227 522 3278 -1
542 3225 628 3291 λεγοις
646 3223 729 3294 Ppr.‚
749 3229 854 3280 σοντι
886 3223 949 3295 -ἕ
966 3226 993 3281 2.
1012 3227 1030 3279 2
1048 3227 1123 3291 δίκην
1151 3223 1248 3279 οω.Β
1287 3254 1318 3262 -
1359 3225 1457 3279 totth
1476 3227 1512 3288 είς
1531 3227 1607 3291 δίκην

297 3304 436 3360 iteratum
454 3304 485 3360 in
504 3304 537 3373 A,
556 3305 652 3375 priore
676 3305 741 3361 loco
769 3305 906 3363 indum
952 3335 984 3343 —
1030 3306 1227 3372 ὀκατεστησος
1246 3303 1331 3375 Ppr.‚
1351 3307 1458 3361 cornt
1488 3335 1520 3343 —
1540 3302 1560 3374 fi
1578 3304 1607 3359 3.

744 3400 774 3436 ον

298 3445 581 3512 6ποί-Ι-ί--ί--Ι-νυο
628 3476 659 3484 -
705 3441 769 3509 ίξύν
796 3447 882 3518 Vpr.
913 3477 944 3486 -
972 3447 1004 3514 ἢν
1031 3451 1162 3514 προσῆκεν
1191 3461 1245 3503 scr.
1281 3446 1317 3502 cf.
1341 3447 1432 3518 praef.
1452 3464 1480 3517 p.
1500 3447 1546 3516 47]
1574 3445 1607 3515 ἦν

297 3531 432 3594 προσηκον
449 3544 467 3581 a
486 3524 567 3582 editt.
598 3556 629 3564 -
658 3526 756 3591 8ῦπίρ
775 3526 995 3594 δημοσθένουςίί
1026 3557 1058 3565 -
1086 3524 1151 3596 §4-
1172 3529 1202 3582 ll
1223 3530 1348 3593 κρείττων
1366 3526 1388 3583 Ρ
1407 3524 1462 3596 Βί.]
1481 3529 1608 3593 κρείσσων

298 3606 394 3663 GAVB
414 3606 496 3664 editt.
525 3636 558 3645 -
586 3609 651 3674 ἐφην
673 3604 702 3675 a]
730 3608 813 3674 ιφάνη
836 3606 909 3664 Pin
936 3622 993 3676 mg.
1014 3610 1029 3663 2
1049 3615 1065 3658 ς
1084 3605 1167 3663 editt.
1188 3636 1219 3644 —
1239 3609 1304 3674 ἐφην
1327 3609 1356 3659 οε
1377 3609 1440 3670 ίοως
1458 3604 1608 3677 usquead

297 3688 386 3743 finem
413 3686 591 3758 paragraphi
616 3694 828 3758 κατηγοροῦντος
846 3689 919 3741 ἑάλω
937 3688 1004 3758 post
1023 3687 1037 3755 δ
1055 3684 1101 3743 5¹⁶
1120 3689 1209 3754 οίομαι
1234 3689 1372 3753 γεγονέναι
1400 3687 1502 3744 colloc.
1520 3687 1545 3743 V
1574 3717 1607 3724 —

298 3769 360 3833 ῦπέρ
380 3768 557 3835 δημοσθένους
581 3766 604 3822 V
634 3801 666 3809 -
691 3771 720 3825 12
748 3765 857 3837 τούτων]
888 3769 970 3832 οὕτως
997 3768 1093 3838 Αμν,
1122 3781 1193 3823 corr.
1214 3769 1239 3834 2,
1261 3765 1357 3821 om.P
1391 3797 1423 3805 —
1457 3769 1489 3824 13
1517 3769 1609 3835 μικρὸν

299 3849 365 3913 ύμάς
383 3851 478 3914 δεῖγμα
493 3845 522 3917 ο]
542 3852 634 3916 μικρὸν
657 3853 693 3914 είς
711 3851 778 3916 ῦμάς
795 3852 889 3916 δεῖγμα
907 3864 929 3904 s.
949 3865 976 3903 ν.
998 3847 1033 3918 Ρ,
1052 3855 1068 3899 ς
1085 3847 1146 3915 Bk,
1164 3848 1202 3909 είς
1220 3847 1286 3912 ύμάς
1304 3845 1361 3901 del.
1379 3846 1413 3903 R.
1427 3846 1492 3903 Tur.
1512 3862 1555 3917 sq.
1575 3877 1606 3885 —

298 3926 356 3996 τοῦ]
382 3929 413 3979 τό
442 3928 467 3984 V
512 3957 545 3966 —
586 3934 633 3982 τοῦ
667 3930 738 3996 (καί
756 3929 845 3996 ύμάς>
872 3928 923 3997 Βί.,
951 3932 997 3980 τοῦ
1035 3927 1106 3995 (καί
1128 3929 1193 3992 ὑμᾶς
1222 3925 1339 3993 αύτούς)
1369 3925 1401 3982 R.
1440 3957 1472 3964 —
1517 3928 1608 3990 καλῶς

310 4006 404 4075 <tm
447 4017 462 4058 ς
501 4008 551 4064 Bk.
580 4009 622 4065 Bl.
668 4040 700 4047 -
728 4009 932 4062 πεπολιτεῦσθαι
962 4008 990 4064 ci
1023 4007 1055 4063 R·
1086 4004 1150 4074 Bk]
1181 4006 1367 4058 πολιτεύεσθαι
1395 4026 1414 4062 a
1443 4007 1525 4064 editt.
1575 4037 1608 4045 -

298 4088 452 4153 νομίζεσθαι
465 4089 512 4156 (ex
524 4090 737 4156 πεπολιτεῦσθαι)
751 4088 821 4145 ΟΔΡ
834 4088 901 4144 Tur.
914 4087 959 4144 Fr.
974 4087 1078 4144 Herch.
1091 4086 1139 4142 W..
1155 4117 1187 4125 -
1210 4089 1242 4141 14
1254 4087 1325 4139 ἑάλω
1338 4086 1363 4141 V
1392 4117 1424 4126 -
1443 4086 1500 4155 δι’).
1523 4088 1554 4143 15
1568 4103 1608 4138 τε·

300 4169 366 4231 λόως
385 4167 436 4223 Bk.
456 4167 512 4238 sq.]
531 4171 622 4222 τέλεον
640 4172 676 4234 ῶς
695 4168 786 4240 ΟΑΡ,,
813 4171 963 4221 τελευταῖον
986 4170 1022 4231 ῶς
1045 4165 1139 4237 Ppr.‚
1169 4167 1260 4219 τέλεον
1278 4165 1326 4222 VB
1345 4174 1361 4217 ς
1379 4165 1410 4221 R.
1441 4166 1545 4222 Herch.
1575 4196 1608 4204 —

302 4252 335 4303 17
357 4249 438 4311 οὕτως
450 4266 476 4315 a,
489 4249 557 4301 οῦτω
568 4259 583 4300 ς
595 4249 688 4319 editt,
702 4249 758 4306 del.
772 4249 838 4305 Tur.
851 4249 895 4304 W.
907 4247 950 4303 Bl.
969 4247 1062 4315 (hiat,
1074 4245 1110 4302 cf.
1123 4245 1214 4316 praef.
1226 4262 1254 4317 p.
1264 4246 1311 4313 38)
1325 4273 1358 4284 —
1371 4248 1403 4298 ίκ
1422 4252 1468 4314 τῆς
1485 4249 1610 4313 πατρίους

300 4328 325 4383 Α
345 4327 413 4384 Tur.
432 4327 477 4383 Fr.
498 4326 538 4382 W.
571 4360 604 4370 -
635 4331 681 4382 ὅτε
699 4330 720 4386 O
739 4359 772 4369 -
791 4331 824 4396 δὴ
842 4325 900 4396 καί]
920 4331 967 4379 καί
985 4342 1042 4385 om.
1061 4325 1084 4382 P
1108 4356 1141 4364 -
1164 4328 1251 4379 ὁποῖοί
1269 4342 1335 4389 τινες
1359 4326 1459 4383 οοίΙοο
1479 4326 1530 4382 Bk.
1552 4325 1607 4396 οη]

299 4424 365 4472 τινες
384 4410 470 4462 όποίοι
483 4407 582 4465 collon.
595 4426 621 4478 ο,
634 4413 700 4474 τίνες
723 4412 769 4462 καί
792 4410 879 4461 ὁποῖοι
891 4407 975 4464 Wolf.
988 4407 1021 4463 R.
1040 4436 1073 4445 -
1091 4407 1121 4462 18
1133 4407 1194 4470 τούς
1211 4408 1322 4474 τρόπους
1340 4408 1461 4473 ἐγένοντο
1481 4415 1497 4458 ς
1514 4405 1546 4461 B.
1575 4435 1607 4444 -

300 4488 363 4559 βό,
384 4492 416 4545 19
435 4491 542 4542 ἐκείνων
560 4504 616 4544 0111.
636 4498 651 4540 ς
675 4489 757 4546 editt..
787 4518 819 4526 -
848 4490 883 4544 20
910 4488 1011 4554 μᾶλλον
1030 4488 1123 4550 αύτούς
1142 4485 1236 4558 0A2ss]
1265 4487 1358 4550 αύτούς
1376 4501 1431 4543 om.
1454 4487 1540 4557 Apr.
1559 4484 1607 4541 PV

301 4568 383 4626 editt.
404 4600 436 4607 —-
456 4572 568 4632 ἕκαστος
591 4568 732 4636 (αύτούς)
755 4570 829 4622 οῦδὲν
848 4576 864 4619 ς
882 4567 933 4624 Bk.
952 4602 987 4610 -
1006 4570 1037 4623 21
1052 4568 1192 4633 φεύγοντες
1209 4564 1264 4636 ΟΒ]
1278 4567 1403 4632 φυγόντες
1417 4563 1492 4621 APV
1511 4564 1552 4620 Βί.
1571 4599 1607 4606 -

303 4652 338 4706 23
356 4646 403 4719 τῷ]
423 4648 517 4713 τοιςῦ
551 4684 587 4692 -
623 4650 658 4705 24
687 4651 739 4716 γάρ
766 4652 813 4700 καί
831 4647 924 4704 OAPB
953 4647 1019 4703 Tur.
1047 4646 1092 4704 Fr.
1117 4644 1171 4716 W.]
1197 4650 1244 4699 καί
1272 4661 1327 4702 om.
1346 4642 1404 4698 Vs
1430 4643 1482 4700 Bk.
1502 4645 1544 4700 Βί.
1574 4673 1606 4682 -

300 4729 353 4798 Η.
373 4733 406 4786 25
418 4725 566 4788 ούνίλΑΡΒ
575 4729 642 4785 Tur.
668 4727 711 4784 Fr.
730 4725 784 4798 W.]
804 4723 848 4781 ούν
869 4730 905 4792 ῶς
923 4727 948 4783 V
968 4737 982 4779 ς
1001 4727 1052 4784 Bk.
1070 4726 1112 4783 Βί.
