3614 5318
362 504 404 567 48
728 498 883 554 Aeschinis
902 513 976 568 quae
995 498 1129 554 feruntur
1149 498 1298 568 epistolae.

360 699 491 764 inserui.
538 698 616 761 Loci
647 704 819 781 supersunt
853 697 1013 777 nonnulli,
1053 697 1168 780 quibus
1204 697 1353 780 equidem
1388 697 1509 762 frustra
1543 698 1671 762 mederi

362 796 479 875 studui,
498 817 570 860 cum
587 794 732 859 codicum
746 794 901 859 memoria
918 802 1085 874 tantopere
1097 794 1209 860 vitiata
1221 797 1271 873 sit,
1285 801 1320 859 ut
1336 817 1409 859 cum
1426 796 1532 879 specie
1548 795 1670 879 proba-

362 895 493 958 bilitatis
520 893 607 956 nullo
633 893 726 956 modo
751 893 915 956 emendari
943 893 1058 977 possit:
1083 893 1167 956 inter
1191 914 1271 978 quos
1294 893 1391 958 hosce
1414 893 1560 977 significo
1585 893 1621 956 II
1648 895 1668 958 3

361 991 564 1077 ἀτυχέστερος
597 990 697 1075 μέντοι
729 993 782 1055 καί
815 989 1018 1074 ἐλεεινότερος
1054 991 1212 1073 νομισθεὶς
1240 990 1359 1074 (φανεὶς
1382 992 1460 1074 Apr.
1479 989 1564 1071 sol),
1589 993 1670 1055 ποτε

361 1091 395 1154 δὲ
418 1087 507 1153 οὐδὲν
529 1091 630 1173 ἥττων
654 1087 758 1172 (ἧττον
781 1088 882 1172 mv),
912 1090 976 1152 νυνὶ
997 1085 1065 1169 (νῦν
1081 1087 1211 1165 APVB)
1229 1089 1262 1152 δὲ
1284 1089 1427 1173 οὐδεμίαν
1450 1089 1528 1172 ὑπὲρ
1552 1087 1669 1152 ἑαυτοῦ

361 1189 467 1271 φωνὴν
491 1183 668 1270 [ἐκπέμπειν
692 1186 764 1249 add.
781 1184 851 1267 VB,
876 1207 915 1249 ex
939 1183 1174 1267 coniectura?];
1202 1185 1249 1250 IV
1274 1187 1293 1259 3
1316 1186 1497 1271 καθήμενος
1520 1183 1670 1270 ἐνδύματι

361 1287 414 1348 καί
438 1284 531 1368 λύρᾳ;
554 1283 603 1347 ΙΧ
620 1286 639 1346 2
656 1283 882 1368 ὑπολαμβάνων
907 1281 1013 1366 [οἰκεῖν
1037 1283 1110 1348 add.
1129 1281 1217 1366 vss];
1240 1284 1273 1346 X
1289 1286 1308 1348 9
1324 1284 1433 1349 πάλιν·
1457 1286 1574 1349 κατιὼν
1598 1280 1668 1364 δ(ὲ)

361 1384 436 1467 {pap
459 1381 509 1445 XI
532 1385 551 1443 7
575 1383 631 1455 τὰς
661 1383 715 1466 μὲν
738 1378 862 1465 γνώμας
885 1383 938 1445 καὶ
961 1385 1017 1458 τὰς
1040 1382 1144 1466 νήσας.
1192 1381 1304 1466 Neque
1327 1387 1449 1445 textum
1473 1381 1601 1466 qualem
1628 1401 1669 1444 ex

360 1479 524 1544 codicibus
548 1479 709 1558 constitui,
733 1479 830 1542 talem
855 1479 895 1542 ab
924 1485 1055 1544 auctore
1079 1484 1189 1544 nostro
1216 1479 1397 1564 profectum
1423 1500 1492 1543 esse
1519 1499 1668 1544 asserere

360 1577 474 1642 ausim.
520 1577 604 1641 Nam
630 1577 663 1640 in
690 1577 730 1640 iis
760 1576 890 1661 quidem
922 1577 1074 1662 epistolis,
1103 1597 1186 1662 quae
1213 1578 1247 1640 in
1274 1577 1342 1642 cod.
1370 1576 1404 1640 H
1432 1599 1497 1642 non
1528 1583 1668 1656 exstant,

361 1676 453 1740 multi
477 1677 545 1740 sine
568 1675 665 1739 dubio
687 1675 749 1739 loci
771 1675 986 1760 reperiuntur,
1010 1697 1091 1760 quos
1115 1682 1280 1759 corruptos
1304 1697 1374 1740 esse
1396 1696 1455 1740 nos
1471 1675 1565 1758 fugit,
1589 1674 1669 1756 qnia

360 1773 480 1837 codicis
511 1770 544 1835 H
572 1773 690 1836 auxilio
725 1773 868 1837 destituti
895 1774 995 1837 verba
1025 1773 1153 1854 tradita,
1188 1794 1259 1837 sum
1294 1794 1424 1837 sensum
1459 1771 1668 1857 aliquomodo

360 1869 560 1934 tolerabilem
584 1871 750 1955 praebent,
774 1872 894 1935 intacta
919 1891 1108 1935 conservare
1133 1872 1235 1935 coacti
1258 1892 1378 1936 sumus.

448 2063 609 2150 Equidem
634 2067 711 2130 satis
734 2066 838 2130 habeo
862 2066 1023 2150 epistolas,
1048 2087 1130 2149 quae
1153 2065 1234 2130 falso
1258 2067 1318 2130 sub
1339 2065 1510 2131 Aeschinis
1533 2066 1668 2131 nomine

359 2162 508 2228 feruntur
542 2181 647 2242 neque
680 2169 788 2227 tamen
821 2164 925 2229 studio
956 2163 1108 2248 indignae
1135 2169 1220 2245 sunt,
1256 2185 1295 2228 ex
1319 2162 1482 2228 codicibus
1505 2169 1668 2249 quantum

359 2261 449 2346 potui
483 2260 659 2325 correxisse
694 2267 791 2345 atque
825 2261 867 2324 ad
901 2261 1152 2325 commodiorem
1186 2263 1328 2326 virorum
1364 2261 1532 2327 doctorum
1568 2282 1666 2326 nsum

360 2358 507 2424 edidisse.
556 2357 712 2423 Codicum
740 2369 847 2422 autem
875 2359 1033 2422 rationem
1061 2365 1128 2422 tam
1155 2359 1326 2444 diligenter
1347 2365 1567 2445 perscrutatus
1592 2381 1667 2424 sum

359 2478 424 2520 non
448 2478 486 2521 eo
521 2457 635 2536 solum,
661 2456 746 2541 quod
781 2455 1111 2540 epistolcgraphorum
1135 2457 1326 2521 memoriam
1349 2459 1448 2522 exiis
1469 2457 1584 2522 melius
1611 2477 1667 2520 οο-

359 2555 471 2638 gnosci
493 2574 587 2639 posse
610 2553 841 2634 intellexeram,
865 2555 921 2618 sed
944 2554 978 2617 id
993 2553 1195 2638 potissimum
1219 2557 1280 2639 egi,
1305 2561 1341 2620 ut
1363 2556 1511 2620 codicum
1536 2554 1667 2618 Aeschi-

360 2671 494 2715 neorum
523 2649 697 2715 conditioni
724 2672 789 2715 non
820 2652 896 2717 satis
931 2651 1035 2716 adhuc
1063 2653 1245 2737 exploratae
1273 2654 1328 2716 lux
1360 2653 1477 2718 clarior
1499 2652 1665 2715 afferatur.

360 2748 467 2832 Atque
502 2769 542 2811 ex
576 2749 718 2834 epistolis
757 2749 796 2813 de
836 2750 1018 2815 orationum
1054 2751 1210 2814 memoria
1243 2751 1277 2814 in
1312 2751 1498 2816 universum
1533 2749 1666 2834 quidem

358 2846 495 2912 iudicari
525 2868 589 2911 non
619 2853 713 2932 posse
745 2868 843 2931 supra
877 2848 1062 2933 explanavi,
1102 2849 1248 2932 quamvis
1281 2848 1397 2913 collato
1430 2847 1539 2913 codice
1566 2847 1600 2910 H
1624 2847 1667 2910 de

360 2946 506 3010 codicum
529 2942 617 3010 OAV
639 2946 673 3009 in
697 2945 894 3011 orationibus
918 2967 1047 3030 quoque
1075 2945 1219 3030 nequitia
1247 2946 1402 3011 dubitatio
1427 2967 1512 3010 nunc
1534 2947 1590 3009 rix
1613 2965 1665 3008 re·

358 3044 525 3129 primatur.
572 3043 619 3107 Ea
653 3049 770 3122 autem,
806 3064 889 3128 quae
922 3044 961 3107 de
994 3044 1140 3108 codicum
1173 3043 1262 3107 oAV
1284 3045 1368 3108 inter
1395 3066 1430 3108 se
1457 3045 1490 3108 in
1519 3043 1666 3130 epistolis

360 3141 550 3226 cognatione
575 3148 671 3225 atque
693 3143 882 3206 auctoritate
906 3141 1052 3220 disserui,
1077 3142 1197 3225 optimo
1220 3142 1289 3205 iure
1314 3142 1354 3205 ad
1371 3143 1547 3207 eorundem
1563 3142 1665 3206 libro-

358 3260 431 3302 rum
462 3239 495 3302 in
527 3239 725 3303 orationibus
749 3239 938 3303 memoriam
966 3240 1211 3303 transferuntur.
1258 3239 1342 3303 Nam
1366 3261 1439 3303 cum
1461 3241 1495 3304 in
1518 3239 1664 3324 epistolis

360 3341 472 3399 contra
502 3336 645 3398 codicem
672 3336 705 3399 H
727 3337 773 3399 ita
804 3337 888 3399 inter
919 3357 953 3400 se
990 3337 1204 3416 consentiant,
1244 3343 1279 3400 ut
1313 3358 1352 3401 ex
1384 3358 1448 3401 uno
1481 3338 1664 3422 eodemque

360 3432 532 3516 archetypo
555 3453 610 3497 eos
634 3433 791 3517 originem
815 3434 943 3497 duxisse
967 3433 1106 3497 dubitari
1123 3440 1272 3518 nequeat,
1296 3436 1434 3499 eundem
1451 3435 1665 3518 archetypum

358 3531 391 3594 in
417 3529 616 3594 orationibus
637 3551 764 3614 quoque
787 3531 950 3594 codicibus
975 3529 1062 3595 CAV
1086 3531 1133 3611 (=
1147 3530 1181 3614 a)
1206 3533 1337 3597 subesse
1360 3534 1536 3598 certissime
1560 3553 1601 3594 ex
1625 3551 1664 3594 eo

360 3626 530 3711 colligitur,
554 3628 639 3713 quod
663 3649 797 3712 operum
811 3628 1066 3694 Aeschineorum
1082 3651 1198 3715 corpus
1213 3631 1263 3695 his
1278 3631 1368 3696 libris
1388 3630 1541 3694 traditum
1558 3649 1663 3713 aeque

356 3725 460 3789 tribus
485 3726 682 3790 orationibus
706 3732 802 3810 atque
825 3726 995 3790 duodecim
1019 3727 1161 3812 epistolis
1185 3734 1317 3793 constat.
1366 3727 1486 3792 Contra
1506 3729 1539 3790 in
1560 3727 1664 3791 altera

359 3822 506 3886 codicum
522 3823 777 3888 Aeschineornm
801 3824 925 3888 familia
948 3845 965 3890 o
986 3824 1008 3889 lc
1031 3823 1084 3907 (l),
1108 3847 1191 3910 quae
1212 3847 1252 3890 ex
1267 3826 1329 3890 alio
1347 3827 1518 3910 archetypo
1534 3824 1663 3888 ridetur

360 3919 456 3984 ducta
479 3941 558 4002 esse,
583 3921 665 3985 duae
681 3923 841 3986 orationes
862 3922 949 3986 solae
970 3921 1028 4003 (II.
1047 3930 1079 3987 et
1093 3922 1166 4001 III.)
1192 3930 1371 4009 supersunt,
1389 3930 1485 4008 atque
1501 3924 1534 3986 in
1551 3921 1663 3986 codice
1778 3963 1779 3966 =

359 4015 402 4098 H,
428 4018 483 4100 qui
506 4039 577 4082 cum
603 4019 694 4084 codd.
719 4040 734 4083 e
755 4018 776 4084 lc
798 4017 840 4102 (l)
864 4021 1104 4104 componendus
1128 4028 1186 4102 est,
1203 4027 1387 4105 quattuore
1407 4021 1578 4086 duodecim
1598 4020 1663 4104 epi·

360 4113 448 4178 stolis
476 4122 654 4180 servantur.
702 4115 793 4189 Quae
821 4139 895 4182 oum
921 4119 967 4182 ita
995 4119 1067 4198 sint,
1097 4119 1260 4184 codicibus
1288 4117 1376 4183 OAV
1400 4121 1432 4183 in
1462 4118 1662 4184 orationibus

360 4212 474 4276 eadem
497 4212 565 4276 fere
589 4214 743 4278 accidisse
767 4221 863 4301 atque
886 4216 920 4280 in
940 4217 1082 4301 epistolis
1105 4216 1312 4281 manifestum
1335 4223 1393 4300 est,
1414 4217 1476 4281 nisi
1491 4217 1573 4281 forte
1591 4236 1662 4280 cor-

359 4310 466 4395 ruptio
485 4311 552 4374 sive
571 4312 798 4376 contaminatio
814 4313 848 4376 in
867 4315 1049 4378 orationum
1067 4315 1222 4378 memoria
1242 4315 1369 4400 longius
1387 4314 1552 4399 processit,
1574 4313 1662 4399 quod
1778 4319 1779 4364 l

360 4409 521 4473 orationes
533 4408 661 4492 saepius
676 4409 837 4474 lectitatae
854 4417 951 4496 atque
968 4433 988 4475 a
1003 4410 1080 4475 viris
1098 4411 1198 4476 doctis
1210 4412 1395 4496 diligentius
1407 4418 1563 4476 tractatae
1576 4418 1661 4474 sunt.

359 4506 467 4591 Atque
486 4505 566 4570 haec
587 4507 714 4590 quidem
735 4507 900 4590 hactenus,
918 4530 991 4573 cum
1008 4509 1048 4574 de
1064 4508 1184 4594 duplici
1208 4512 1389 4576 orationum
1404 4510 1661 4575 Aeschinearum

359 4603 545 4670 recensione
558 4604 706 4670 codicum
722 4604 770 4670 elr
788 4604 828 4690 (l)
840 4637 874 4657 =
886 4607 917 4670 A
930 4612 962 4671 et
974 4605 1061 4671 CAV
1073 4626 1145 4670 =u
1163 4608 1320 4673 disserere
1337 4609 1431 4673 huius
1448 4608 1511 4672 loci
1526 4628 1591 4671 non
1609 4607 1659 4670 sit.
