3614 5318
639 432 796 492 Aeschinis
816 447 891 504 quae
908 433 1044 491 feruntur
1063 432 1211 504 epistolae.

544 633 716 698 ἐπιστολῶν
740 632 882 718 ἄθροισις
904 635 1024 719 ἀνδρῶν
1046 633 1226 718 costean,

545 731 598 808 οὓς
621 730 638 795 ὁ
661 732 731 815 πρὶν
754 727 972 816 ἐβλάστη<σεν)
995 730 1037 809 ὡς
1060 731 1137 815 ῥόδα
1159 731 1280 818 χρόνος,
1310 769 1311 774 1

443 857 444 860 ¹
546 824 589 893 ῶν
612 827 660 912 ῥεῖ
680 829 735 912 μὲν
759 827 868 907 ἄνθος,
889 829 911 913 ἡ
934 829 969 893 δὲ
991 839 1046 893 τοῦ
1069 829 1166 914 μύρου
1188 826 1278 913 χάρις

546 923 630 1011 μὲνει
652 923 786 1010 διαρκῶς
810 925 852 1002 εἰς
874 928 972 1011 πνοὴν
996 925 1135 1002 εὐωδίας·
1184 935 1186 939 ’

542 1025 681 1089 καὶτῶν
704 1033 811 1107 σοφῶν
833 1026 894 1109 γὰρ
915 1024 937 1108 ἡ
960 1025 1015 1108 μὲν
1038 1024 1124 1110 ἀκμὴ
1146 1032 1202 1087 τοῦ
1226 1022 1292 1109 βίου

543 1131 667 1206 πτηνῶς
689 1120 863 1206 παρῆλθεν·
887 1122 908 1206 ἡ
930 1121 964 1186 δὲ
986 1129 1049 1186 τῶν
1072 1121 1175 1204 λόγων
1198 1120 1287 1206 χάρις

545 1216 628 1304 μὲνει
651 1219 784 1303 διαρκῶς
807 1219 850 1296 εἰς
872 1217 1055 1303 ἀείμνηστον
1077 1218 1169 1295 κλέος

277 1377 365 1461 (vide
399 1379 734 1466 epistolographorum
765 1378 938 1444 editionem
967 1380 1121 1444 Aldinam
1148 1379 1239 1444 initio
1270 1381 1333 1445 vol.
1358 1378 1415 1460 ll),
1446 1347 1587 1445 aetatem

171 1537 175 1546 .
278 1479 406 1562 sapiant
429 1501 501 1544 eam
523 1479 672 1559 fortasse,
700 1499 764 1564 qua
787 1479 995 1563 epistolarum
1020 1478 1071 1542 hic
1096 1478 1238 1543 delectus
1263 1478 1504 1543 consarcinatus
1527 1485 1587 1544 est.

278 1573 492 1641 Collatiouom
526 1577 645 1641 codicis
679 1575 777 1641 Laur.
812 1577 897 1663 apud
930 1577 1092 1641 Blossium
1125 1578 1284 1654 manibus,
1308 1581 1465 1658 tenemus,
1499 1577 1590 1642 unde

277 1673 452 1738 lactionum
476 1695 549 1739 cum
572 1674 606 1738 H
630 1673 726 1759 (apud
749 1673 851 1739 Blass.
875 1702 911 1725 =
926 1673 969 1756 Α)
993 1683 1185 1739 concentum
1208 1675 1262 1738 hic
1283 1679 1430 1759 repetere
1452 1675 1585 1760 longum

278 1777 336 1834 est.
361 1769 483 1851 (Etiam
499 1769 599 1837 vlla
622 1783 685 1850 τοῖς
707 1773 810 1857 νόμοις
832 1782 949 1853 ταῦτα,
971 1773 1106 1856 πολλοὺς
1130 1773 1259 1853 ἄλλους,
1284 1773 1302 1836 5
1321 1771 1589 1857 βλασφημούντων

279 1889 352 1932 cum
369 1867 402 1932 H
418 1867 624 1954 congruunt).
656 1869 728 1934 Hoc
751 1870 855 1934 solum
879 1878 984 1950 enoto,
1008 1891 1082 1934 raro
1107 1869 1306 1935 differentias
1330 1891 1393 1934 non
1409 1869 1455 1933 ita
1470 1889 1588 1953 graves

278 1986 446 2051 apparere,
470 1989 553 2052 quae
569 1969 713 2033 codicem
728 1967 826 2032 Laur.
844 1968 1036 2033 coniecturis
1059 1967 1173 2032 leviter
1188 1967 1395 2032 emendatum
1411 1988 1482 2030 esse
1498 1967 1590 2031 avin-

279 2061 369 2127 ount:
393 2065 511 2130 menda
533 2067 692 2150 imprimis
715 2067 748 2130 in
764 2065 797 2129 H
820 2065 943 2130 librarii
967 2064 1114 2129 socordia
1137 2073 1214 2129 nata
1236 2065 1435 2130 correctione
1459 2065 1587 2129 sublata

279 2157 363 2241 sunt,
387 2161 514 2226 velutl
541 2167 555 2226 l
582 2163 714 2250 σκὲρωνι
738 2161 834 2245 (corr.
859 2163 891 2226 in
916 2160 1074 2248 σκίρωνι),
1097 2166 1117 2227 2
1140 2163 1351 2248 παρήλαττεν,
1375 2164 1480 2248 ὥσπερ
1504 2165 1589 2248 εἴητε

279 2255 328 2338 (=
366 2260 470 2346 ὥσπερ
505 2263 548 2338 εἷς
581 2258 643 2344 τι),
678 2259 893 2344 ἀλλόφυλλον,
930 2260 1094 2345 θαλάσσῃ,
1129 2263 1149 2323 4
1178 2261 1373 2345 ἀφικόμενοι,
1408 2259 1587 2324 sedetiam

278 2356 379 2419 verba
406 2359 548 2441 genuina
575 2358 694 2422 codicis
717 2357 751 2421 H
778 2359 811 2422 in
833 2357 932 2421 Laur.
962 2359 1079 2421 omissa
1107 2363 1195 2422 sunt:
1231 2355 1298 2422 15⁸
1319 2359 1373 2422 καί
1396 2363 1429 2421 et
1451 2359 1589 2442 εὐμενῶς

278 2475 341 2518 om.
364 2453 462 2518 Laur.
511 2454 735 2544 Oorrectiones
758 2477 873 2519 manus
896 2454 1083 2519 recentioris
1107 2476 1171 2520 uon
1195 2477 1281 2520 euro.

358 2569 553 2652 ,Secundum
582 2593 621 2635 aa
649 2593 731 2656 quae
760 2571 902 2635 continet
927 2570 980 2634 hic
1005 2571 1266 2636 annumerandus
1290 2577 1339 2635 est
1362 2570 1439 2635 cod.
1463 2569 1588 2635 Paris,

277 2665 412 2730 Mazar.
437 2669 525 2732 4454
552 2669 631 2732 mihi
659 2671 798 2755 ignotus,
831 2669 886 2754 qui
916 2670 1054 2733 eundem
1078 2669 1147 2734 iere
1170 2675 1267 2754 atqua
1291 2668 1360 2734 cod.
1385 2667 1419 2732 H
1441 2667 1589 2732 nondum

278 2765 443 2829 mutilatus
467 2767 675 2850 epistolarum
697 2765 869 2848 delectum,
893 2766 1005 2831 ordine
1028 2774 1137 2832 tamen
1160 2768 1298 2850 inverso,
1323 2765 1534 2830 conservavit

311 2923 316 2931 -
366 2879 541 2947 Praeterea
563 2882 662 2950 libros
684 2905 758 2948 cum
781 2883 891 2949 codice
914 2882 948 2947 H
971 2881 1132 2947 affinitate
1157 2883 1343 2948 coniunctos
1367 2883 1435 2967 ipse
1463 2881 1588 2946 axami-

278 2977 354 3042 navi
387 2978 460 3042 hos:
498 2981 625 3045 codices
658 2980 780 3046 Paris.
806 2981 893 3046 2755
927 2987 960 3045 et
993 2981 1090 3061 3044,
1128 2980 1248 3045 Paria.
1274 2981 1395 3065 suppl.
1421 3001 1472 3064 gr.
1509 2979 1587 3059 205,

277 3074 428 3140 Hatens.
456 3079 529 3159 191,
563 3078 685 3143 Palat.
713 3078 774 3143 132
805 3079 925 3163 (priore
948 3078 1043 3160 loco),
1078 3078 1133 3163 qui
1160 3084 1285 3163 partem
1313 3082 1439 3141 tantum
1462 3095 1586 3155 aarum,

277 3193 359 3257 quas
381 3173 414 3237 H
447 3174 523 3239 olim
558 3176 682 3256 habuit,
717 3177 925 3261 epistolarum
959 3176 1170 3240 retinuerunt.
1216 3174 1345 3239 Etenim
1372 3174 1497 3259 priores
1520 3173 1587 3237 duo

279 3271 406 3336 codices
428 3272 568 3336 Parisini
592 3274 744 3358 epistolas
760 3273 939 3340 Aeschinis.
963 3272 1119 3355 Platonis,
1143 3270 1310 3357 Diogenis,
1334 3270 1473 3336 Cratetis
1488 3271 1587 3336 modo

279 3367 405 3449 (ordine
439 3368 581 3450 inverso)
617 3376 756 3452 servant,
792 3392 865 3434 oum
899 3371 932 3434 in
966 3369 1098 3455 reliquis
1133 3370 1287 3456 epistolae
1315 3369 1522 3455 Alciphronis
1554 3375 1591 3433 et

277 3467 561 3553 Pythagoreorum·
579 3468 658 3546 (non
681 3468 714 3533 in
729 3467 825 3551 list),
850 3467 993 3549 Ohionis‚
1018 3468 1248 3534 Anacharsidis
1273 3475 1305 3533 et
1321 3468 1483 3554 Apollonii
1507 3469 1587 3545 (non

277 3566 311 3630 in
345 3564 425 3648 Est,
460 3562 558 3648 Pal),
593 3564 759 3652 Euripidis
795 3568 874 3645 (non
908 3567 940 3630 in
977 3563 1072 3648 Pal),
1107 3566 1325 3652 Hippocratis,
1362 3565 1520 3631 Heracliti
1554 3571 1592 3630 et

278 3661 445 3747 Diogenis,
469 3662 618 3743 Cratetis,
641 3664 812 3729 Aeschinis
847 3663 936 3746 (vide
959 3664 1057 3729 Laur.
1082 3664 1175 3728 LVII
1200 3664 1255 3744 12)
1281 3670 1415 3728 exstent.
1463 3663 1591 3729 Textus

278 3771 387 3826 autam
423 3763 566 3826 omnium
601 3763 716 3834 horum
752 3762 910 3843 codicum,
946 3763 1002 3847 qui
1037 3764 1216 3849 scripturae
1248 3762 1411 3826 erroribus
1440 3763 1493 3827 hic
1519 3762 1589 3827 illie

278 3860 456 3924 emendatis
486 3858 644 3943 (velutin
668 3857 783 3942 Laur.)
812 3867 844 3923 et
867 3861 992 3924 mendis
1016 3860 1209 3944 quibusdam
1233 3858 1451 3944 singularibus
1473 3865 1592 3945 postea

278 3956 419 4042 acceptis
441 3957 588 4042 paullum
611 3979 631 4022 a
654 3959 723 4024 cod.
748 3957 782 4022 H
805 3958 970 4038 recedunt,
993 3958 1028 4022 in
1050 3959 1237 4022 universum
1261 3958 1345 4022 inter
1367 3978 1401 4022 se
1424 3955 1589 4036 convenit,

279 4055 364 4139 quod
381 4060 417 4118 ut
436 4077 612 4140 cognoscas
628 4057 687 4140 hos
702 4058 790 4122 locos
811 4077 931 4141 quaeso
949 4055 1114 4141 inspicias:
1130 4056 1173 4119 Ii
1188 4057 1345 4140 κορησσὸν
1356 4054 1403 4120 H:
1420 4051 1589 4139 νηρησσὸν,

277 4151 344 4218 εἶτα
365 4152 469 4233 πάλιν,
498 4175 560 4218 om.
586 4151 732 4240 ἑσπέρας,
768 4153 808 4218 5³
831 4174 894 4218 om.
917 4155 971 4218 καί
995 4155 1082 4231 (cum
1106 4153 1202 4217 Laur.
1226 4151 1320 4218 LVII
1339 4153 1409 4234 12),
1443 4147 1589 4232 ἀσμένως

278 4250 425 4336 (sepem
451 4250 530 4331 Est,
560 4273 623 4318 om.
651 4251 748 4317 Laur.
773 4251 960 4332 LV1112);
990 4250 1036 4315 VI
1063 4252 1158 4315 inser.
1187 4259 1231 4336 τῷ
1259 4253 1355 4338 αὐτῷ,
1383 4245 1512 4335 χαρίμον
1535 4242 1587 4307 Ητῑ

277 4348 413 4435 χαρίνου.
454 4347 562 4420 Quare
589 4370 792 4414 communem
817 4349 933 4414 horum
961 4348 1108 4414 codicum
1134 4347 1257 4413 iontem
1278 4370 1318 4413 ax
1337 4347 1370 4411 H
1396 4362 1584 4429 expressum

277 4452 418 4512 statuere
434 4448 589 4532 cogimur,
613 4468 653 4511 ax
676 4468 739 4532 quo
763 4447 881 4512 diversi
904 4453 1013 4511 tamen
1035 4446 1131 4511 rivuli
1154 4451 1377 4526 manaverunt,
1400 4462 1474 4506 cnm
1489 4440 1587 4506 codd.

276 4545 381 4610 Paris.
405 4545 508 4631 suppl.
534 4545 610 4626 205,
631 4544 757 4611 Hatens.
782 4551 815 4609 et
837 4544 942 4610 Palat.
965 4564 1031 4610 non
1053 4544 1158 4610 solum
1180 4545 1387 4631 epistolarum
1410 4537 1590 4604 selectione

277 4644 379 4716 artius
395 4643 598 4726 conveniant,
619 4644 674 4709 sed
691 4644 787 4708 etiam
803 4642 960 4729 peculiari
978 4643 1039 4708 hac
1055 4643 1202 4726 lectione,
1219 4661 1302 4727 quae
1319 4636 1589 4725 interpolatorem
