3614 5318
181 516 313 584 Quanam
331 514 445 571 ratione
464 515 605 586 epistolae
628 515 811 572 Aeschineae
829 516 926 572 adhuc
945 516 1042 572 editae
1075 520 1104 572 et
1122 532 1200 573 nuno
1219 517 1350 573 edendae
1368 516 1435 572 sint.
1447 520 1486 583 51

269 715 304 779 si
323 712 435 778 huius
457 719 565 778 autem
586 713 734 778 editionis
756 713 914 778 rationem
938 720 1074 798 spectas,
1098 715 1131 779 id
1153 713 1358 799 potissimum
1380 719 1488 778 mente

179 819 301 894 teneas,
324 833 377 876 me
402 812 537 875 antehac
560 812 700 875 maxime
724 818 888 876 oratorum
910 833 986 876 vere
1010 812 1191 877 Atticorum
1217 811 1322 876 studio
1345 811 1488 876 deditum

178 910 290 992 fuisse,
311 931 411 994 quare
432 909 551 993 scripta
571 909 743 973 miserrimi
763 910 930 974 cuiusdam
951 910 1112 995 sophistae
1133 909 1333 975 fastidiosius
1352 909 1487 974 fortasse

179 1029 311 1072 mensus
327 1029 407 1072 sum.
434 1005 590 1071 Codicum
605 1013 714 1071 autem
730 1013 887 1091 quantum
897 1007 1027 1092 quidem
1039 1008 1109 1072 fieri
1118 1009 1224 1093 potuit
1233 1007 1347 1091 opibus
1359 1006 1487 1071 adiutus

178 1111 303 1170 textum
333 1104 510 1169 secundum
540 1105 617 1170 artis
648 1104 778 1169 criticae
807 1105 965 1169 rationem
994 1107 1155 1185 constitui,
1189 1127 1253 1190 qua
1284 1127 1324 1169 ex
1353 1126 1389 1168 re
1418 1103 1487 1169 fore

179 1203 376 1288 sperandum
400 1208 457 1284 est,
482 1209 517 1266 ut
542 1203 601 1267 viri
625 1203 710 1267 docti
738 1223 777 1266 ex
800 1203 941 1268 editione
968 1204 1029 1268 hac
1052 1203 1175 1288 aliquid
1202 1203 1325 1268 fructus
1348 1202 1485 1286 capiant.

178 1300 346 1365 Prioribus
362 1321 439 1364 vero
456 1301 632 1365 editoribus
652 1301 826 1365 officiosius
846 1301 983 1366 fortasse
1000 1303 1170 1366 obsecutus
1193 1323 1275 1383 sum,
1296 1301 1487 1366 coniecturis

179 1419 292 1462 eorum
313 1398 441 1463 abunde
464 1399 497 1462 in
514 1405 705 1484 apparatum
730 1399 875 1464 criticum
895 1401 1043 1485 receptis,
1067 1400 1153 1485 quod
1170 1400 1296 1485 scriptis
1319 1405 1487 1483 tantopere

179 1495 336 1580 corruptis
364 1495 413 1560 fas
437 1518 507 1561 esse
530 1496 650 1580 putavi.
697 1496 810 1584 Neque
841 1519 1116 1582 supervacaneum
1138 1499 1309 1564 videbatur
1332 1497 1486 1578 indicare,
1524 1557 1528 1564 ,

182 1593 258 1676 quid
280 1593 320 1657 de
343 1594 422 1658 locis
446 1595 592 1659 codicum
613 1593 770 1658 varietate
794 1595 953 1680 ambiguis
977 1595 1216 1676 iudicavissent,
1240 1595 1297 1660 ubi
1316 1616 1382 1660 non
1403 1594 1488 1658 falsa

178 1690 336 1772 codicum,
364 1692 517 1757 nimirum
545 1693 663 1758 codicis
692 1695 792 1772 a(=
815 1693 869 1774 A),
899 1695 1121 1758 aestimatione
1153 1694 1241 1759 ducti
1273 1693 1312 1757 de
1344 1693 1486 1778 genuina

176 1791 318 1853 auctoris
347 1791 504 1855 memoria
532 1797 641 1876 aperte
669 1797 868 1855 erraverunt.
924 1791 967 1855 At
993 1793 1140 1876 ignoscas
1170 1813 1300 1877 quaeso,
1338 1791 1424 1876 quod
1451 1792 1485 1856 in

175 1887 234 1950 tali
258 1888 397 1952 editione
420 1910 484 1952 non
509 1910 581 1954 meo
605 1890 709 1953 solum
732 1889 851 1953 iudicio
875 1889 977 1954 fretus
1001 1891 1109 1954 omnia
1132 1890 1266 1968 absolvi,
1295 1889 1351 1955 sed
1375 1889 1484 1975 copiis,

176 2006 261 2068 quae
295 1986 373 2050 mihi
408 1987 554 2067 aderant,
588 1987 683 2072 plene
720 1987 892 2071 propositis
932 1995 963 2051 te
995 1989 1102 2072 ipsum
1136 1987 1275 2051 iudicem
1308 2008 1484 2072 provocare

175 2083 276 2147 satius
299 2084 385 2148 duxi.

265 2261 353 2325 Dum
378 2263 457 2326 haeo
485 2264 568 2348 typis
596 2263 829 2344 exscribuntur,
859 2264 964 2329 editur
991 2263 1202 2328 Maximiliani
1229 2263 1338 2349 Hcyse
1366 2264 1484 2328 disser-

176 2358 254 2423 tatio
294 2359 424 2439 „Ueber
457 2361 509 2424 die
543 2362 787 2448 Abh'a'ngigkeit
821 2362 944 2447 einiger
974 2363 1130 2448 jiingerer
1166 2361 1483 2426 Aeschines-Hand-

176 2455 350 2520 sohriften“
386 2455 514 2543 (Progr.
548 2459 701 2524 Bunzlav.
729 2461 838 2539 1904),
872 2481 936 2545 qua
968 2461 1112 2526 codicem
1141 2459 1321 2524 Helmstad.
1342 2486 1384 2514 =
1398 2481 1422 2543 p
1449 2460 1483 2525 in

176 2555 375 2618 orationibus
406 2577 534 2641 quoque
570 2557 770 2638 Aeschineis,
804 2579 868 2622 uno
902 2558 1032 2643 quidem
1062 2559 1114 2623 vel
1144 2559 1362 2643 compluribus
1393 2558 1483 2624 libris

175 2651 385 2733 intermediis,
415 2674 455 2717 ex
478 2655 587 2718 codice
615 2654 643 2718 V
667 2655 857 2740 profluxisse
885 2655 1026 2719 evictum
1053 2662 1110 2720 est.
1163 2654 1271 2720 Ceteri
1298 2657 1338 2722 de
1367 2657 1483 2743 quibus

175 2749 283 2834 agitur
306 2751 431 2816 codices
455 2753 609 2836 epistolas
625 2753 793 2816 Aeschinis
817 2774 882 2816 non
901 2753 1032 2818 habent,
1077 2753 1159 2818 Vide
1183 2775 1223 2818 ea
1246 2775 1329 2839 quae
1350 2756 1483 2839 exposui

174 2849 209 2910 in
232 2847 463 2913 Literarisches
487 2849 700 2914 Zentralblatt
724 2852 809 2916 1904
832 2871 862 2934 p.
889 2848 1021 2934 509s10.
