3614 5318
553 468 637 538 0000
656 469 731 528 ratio
749 469 827 527 inter
845 467 962 526 codices
980 463 1154 525 intercedat.
1474 467 1514 532 15

196 678 328 758 seriem,
351 693 437 760 quae
457 671 491 736 in
509 669 672 735 codicibus
687 666 877 734 Aeschineis
895 688 968 732 cunr
983 660 1184 734 orationibus
1200 665 1352 754 copulata
1368 665 1516 746 traditur,

200 776 367 862 vulgatam
391 768 562 836 nominare
584 767 682 833 liceat
704 765 753 850 (=
774 769 820 846 0).

291 889 344 954 Ad
377 887 517 951 alteram
551 883 636 948 banc
669 882 827 948 familiam
849 883 947 967 longe
970 883 1079 969 plures
1102 881 1266 968 pertinent
1287 881 1374 963 libri,
1398 881 1454 966 qui
1477 901 1517 945 en

200 1010 268 1054 uno
301 985 475 1070 archetypo
508 1001 594 1047 nuno
622 981 789 1066 deperdito
816 981 969 1067 pendent.
1015 979 1121 1053 Quem
1144 980 1354 1066 archetypum
1378 979 1518 1046 eundem

200 1107 276 1152 esse
299 1091 396 1168 atque
419 1100 624 1146 communem
648 1079 832 1145 orationum
859 1077 1112 1144 Aeschinearum
1136 1078 1260 1143 iontem
1282 1076 1396 1143 ariris
1415 1077 1519 1144 doctis

201 1187 363 1250 statutum
403 1178 530 1243 videtur
570 1177 780 1242 manifestum
814 1198 895 1259 esse,
942 1181 1043 1262 quare
1086 1177 1295 1262 epistolarum
1333 1176 1430 1243 huius
1468 1175 1519 1240 ia·

204 1281 317 1348 miliae
340 1276 465 1342 codices
487 1275 521 1340 in
545 1275 675 1340 easdem
699 1276 817 1340 classes
838 1275 1005 1340 discedere
1021 1274 1172 1355 conicias,
1197 1295 1280 1360 quae
1300 1275 1334 1339 in
1354 1274 1520 1340 codicibus

209 1374 399 1445 Aeschineis
432 1374 530 1460 vulgo
565 1374 812 1439 constituuntur.
867 1375 1023 1439 Attamen
1057 1373 1225 1454 erraveris,
1261 1393 1334 1438 cum
1369 1372 1524 1462 unanilla,

208 1461 356 1541 codicum
383 1469 432 1537 clcl
459 1470 583 1536 familia
618 1471 668 1553 (=
690 1468 748 1554 A),
783 1493 867 1557 quae
894 1473 928 1536 in
957 1471 1155 1537 orationibus
1177 1469 1221 1536 II.
1246 1476 1279 1536 et
1301 1467 1361 1534 ΙΙΙ.
1387 1470 1428 1535 01)
1451 1470 1521 1534 edi-

209 1571 330 1638 toribus
357 1570 439 1636 solet
466 1569 582 1634 ceteris
613 1569 775 1656 anteponi,
805 1569 955 1655 epistolas
979 1570 1110 1635 omniuo
1135 1591 1199 1634 uon
1224 1566 1392 1633 tradiderit
1414 1588 1521 1654 neque

208 1663 250 1734 ex
282 1667 396 1734 eodem
432 1674 529 1753 atque
563 1666 680 1752 reliqui
706 1667 780 1732 libri
808 1667 981 1753 archetypo
1005 1667 1154 1732 videatur
1182 1667 1278 1732 ducta
1301 1687 1394 1746 esser
1415 1664 1524 1731 codl

207 1793 252 1824 =
275 1765 378 1831 Paris.
403 1765 502 1845 3002,
538 1765 578 1829 de
607 1787 671 1850 quo
703 1765 790 1830 infra
805 1755 808 1766 ’
822 1765 1068 1850 disputabimus,
1104 1765 1256 1850 epistolas
1280 1786 1357 1831 sane
1388 1764 1521 1852 recepit,

206 1865 328 1954 seder
351 1863 510 1928 memoria
532 1863 672 1948 pessime
696 1863 924 1944 contaminata,
960 1869 996 1928 ut
1019 1863 1114 1928 iacile
1144 1884 1183 1928 eo
1212 1884 1322 1928 carere
1349 1862 1521 1949 possimus.

205 1953 347 2028 (lodices
385 1966 513 2026 autem'
532 1961 691 2046 vulgatos,
733 1962 789 2047 qui
828 1961 982 2047 epistolas
1016 1961 1146 2042 babent,
1189 1961 1284 2026 aliter
1323 1968 1420 2047 atque
1460 1961 1524 2027 riri

210 2060 308 2142 docti,
348 2060 401 2145 qui
437 2059 477 2124 de
501 2057 592 2123 libris
627 2059 817 2124 Aeschineia
849 2065 996 2144 egerunt,
1033 2058 1067 2124 in
1102 2063 1169 2124 tres
1203 2058 1345 2124 familias
1375 2078 1523 2144 segrego,

208 2167 349 2244 quarum
373 2177 470 2221 unam
494 2156 575 2221 iacit
595 2158 698 2223 codex
722 2156 819 2223 (loisl.
844 2159 909 2223 249
925 2156 1014 2240 Ξ(1,
1038 2158 1173 2223 alteram
1197 2157 1322 2223 codices
1346 2157 1463 2242 Augel.
1480 2159 1527 2222 lt

210 2255 299 2319 :A
338 2260 370 2318 et
408 2253 511 2319 Paris.
548 2254 635 2321 3003
672 2286 709 2308 =
742 2255 780 2336 P,
817 2247 944 2321 tertiam
981 2256 1109 2322 codices
1143 2256 1247 2321 Vatia.
1284 2257 1327 2320 64
1358 2285 1395 2306 =
1423 2255 1453 2321 V
1492 2261 1525 2319 et

209 2353 345 2420 Barbar.
374 2351 392 2416 I
428 2354 491 2417 159
519 2384 555 2403 =
581 2353 621 2418 B.
668 2353 829 2420 Olassium
864 2355 963 2420 duces
997 2361 1073 2420 suot
1106 2354 1233 2419 codices
1268 2351 1372 2436 OAV,
1407 2353 1526 2439 quibus

209 2453 338 2518 codices
361 2451 389 2515 P
413 2457 445 2516 et
468 2449 496 2515 B
525 2472 564 2515 ea
590 2458 716 2518 tautum
746 2453 787 2518 de
811 2475 910 2519 causa
934 2454 1053 2534 addidi,
1075 2454 1176 2540 ,quod
1200 2452 1251 2518 sui
1273 2452 1352 2518 iuris
1376 2452 1528 2518 videntur

210 2572 282 2615 esse
317 2556 350 2614 et
383 2549 436 2614 hic
470 2548 536 2613 illic
571 2550 695 2615 collatis
730 2552 845 2618 ceteris
878 2552 969 2617 libris
1003 2551 1043 2617 de
1078 2552 1243 2638 archetypi
1277 2550 1434 2615 memoria
1467 2570 1527 2615 uos

211 2649 359 2713 edocent.
394 2648 499 2732 Atque
522 2649 668 2713 omnium
691 2649 935 2736 antiquissimus
960 2655 993 2714 et
1007 2651 1302 2736 praestantissimus
1319 2656 1368 2714 est
1383 2645 1527 2715 codexO

211 2749 314 2827 (saec.
336 2742 406 2827 K),
441 2767 538 2830 quem
565 2747 651 2812 inter
680 2748 778 2813 libros
802 2749 1002 2813 Aeschineos
1031 2749 1163 2814 alterius
1191 2746 1318 2834 generis
1343 2745 1392 2827 (=
1412 2746 1447 2826 α)
1484 2779 1527 2790 -

213 2848 343 2930 practer
371 2840 419 2906 elei
453 2877 494 2888 -
529 2845 600 2910 iure
634 2844 813 2932 principem
846 2846 953 2911 locum
989 2852 1100 2910 tenere
1132 2851 1320 2931 comparata
1351 2845 1471 2909 codicis
1493 2843 1528 2907 H

216 2940 373 3005 memoria
404 2941 581 3007 certissime
609 2943 881 3029 comprobabitur.
928 2943 1026 3008 Haud
1054 2944 1100 3008 ita
1121 2942 1260 3008 multum
1284 2943 1381 3007 distat
1403 2941 1529 3006 familia

214 3037 336 3104 codicis
357 3037 396 3118 A,
422 3059 495 3104 cum
524 3040 669 3105 codexV
694 3061 767 3105 oum
791 3038 878 3107 socio
902 3049 935 3106 et
957 3060 1078 3126 magna
1105 3040 1196 3126 prole
1221 3040 1413 3105 recensitam
1430 3034 1528 3124 atoue

219 3143 256 3204 ut
277 3137 322 3202 ita
344 3137 451 3202 dicam
475 3138 642 3223 vulgarem
668 3140 857 3205 memoriam
882 3139 1011 3206 efficiat.

305 3385 483 3472 Postquam
506 3386 586 3452 baec
611 3389 650 3454 de
675 3390 821 3456 codicum
846 3388 1020 3476 generibus
1042 3388 1206 3475 praemisi,
1229 3411 1316 3454 nuuc
1331 3389 1473 3474 primum
1489 3386 1531 3451 de

215 3484 418 3570 singulorum
443 3505 524 3569 quos
547 3489 713 3553 nominavi
736 3489 883 3554 codicum
907 3488 1100 3573 cognatione
1122 3509 1227 3573 pauca
1248 3487 1459 3573 disputemus.

308 3598 392 3665 (lum
426 3596 550 3666 0011100
583 3598 684 3670 Harl.
717 3600 805 3672 5610
829 3634 863 3656 =
886 3599 920 3668 H
952 3604 1112 3670 artissime
1143 3605 1332 3669 coniunctus
1370 3606 1419 3666 001
1451 3599 1531 3665 cod.

219 3697 332 3762 Laur.
355 3696 463 3762 LVII
490 3700 529 3762 12
553 3698 639 3781 (Lss),
664 3702 719 3786 qui
741 3702 857 3766 eadem
879 3701 948 3767 iere
972 3707 1068 3787 atque
1085 3701 1138 3766 ille
1154 3702 1274 3785 scripta
1289 3699 1403 3764 eodem
1419 3697 1533 3764 ordine

218 3793 452 3878 complectitur.
498 3794 689 3884 Descriptus
723 3806 832 3864 autem
866 3800 1091 3865 videturesse
1119 3821 1158 3864 ex
1185 3799 1256 3863 cod.
1281 3796 1324 3879 H,
1359 3802 1533 3882 antequam

221 3895 274 3959 lric
301 3891 392 3956 initio
419 3894 585 3964 mutilatus
609 3903 667 3978 est,
702 3919 776 3963 cum
804 3899 838 3963 iu
866 3899 936 3962 cod.
960 3898 1058 3963 Laur.
1084 3903 1158 3961 ento
1182 3895 1347 3982 Apollonii
1369 3894 1533 3981 epistolas,

218 4009 360 4080 quorum
385 3994 511 4057 numeri
539 3993 611 4076 (91)
640 3996 771 4081 quidam
795 3997 829 4061 in
856 4003 994 4081 utroque
1017 3996 1100 4076 libro
1124 3995 1330 4072 0000001001,
1366 4029 1408 4038 -
1442 3993 1476 4058 in
1500 3992 1535 4056 H

219 4094 395 4182 supersunt
421 4095 493 4154 octo
522 4093 676 4177 epistolae
704 4095 801 4160 modo
838 4129 891 4175 ——,
926 4095 1025 4159 stiam
1048 4093 1203 4178 epistolae
1226 4091 1419 4172 Phalaridis,
1443 4090 1536 4156 Ana-

220 4185 390 4266 obarsidis,
421 4183 525 4269 Bruti,
558 4188 702 4274 Obionis,
735 4191 912 4279 Euripidis,
946 4191 1163 4276 Hippocratis,
1188 4190 1351 4256 Heracliti
1374 4190 1534 4274 legantur.

220 4288 296 4364 Qua
330 4285 370 4349 de
399 4304 497 4348 causa
523 4285 558 4350 in
585 4291 919 4376 spistologrophorum
948 4287 1106 4355 memoria
1132 4288 1358 4373 investiganda
1390 4286 1535 4352 codicem

221 4388 308 4452 bunc
332 4380 507 4470 deperditis
530 4386 649 4453 codicis
671 4389 706 4454 H
728 4389 874 4476 partibus
898 4389 1093 4453 substituere
1116 4388 1234 4454 licebit.
1274 4385 1391 4451 Nescio
1415 4391 1536 4465 101000,

223 4508 302 4564 uum
336 4485 370 4549 bi
400 4500 525 4565 versus,
559 4485 614 4569 qui
648 4487 754 4552 initio¹
774 4486 890 4552 indicis
924 4508 943 4550 a
977 4507 1077 4551 manu
1110 4487 1216 4572 prima
1246 4486 1336 4550 00101
1369 4481 1537 4566 inscriptio

222 4583 348 4660 exarati
382 4590 458 4657 sunt
493 4605 535 4626 -1
570 4603 625 4648 eos
659 4605 680 4648 a
712 4585 890 4672 Byzantino
926 4585 1066 4670 quodam
1100 4583 1170 4649 viro
1205 4583 1299 4649 docto
1334 4582 1437 4646 iactos
1465 4599 1539 4649 esso

224 4684 348 4749 conicio
365 4691 504 4778 ‘propter
527 4688 698 4748 accentum
720 4685 754 4749 in
777 4683 901 4769 syllaba
923 4703 1076 4750 versuum
1099 4682 1299 4769 paenultima
1322 4713 1365 4726 -
