3614 5318
351 482 394 548 38
718 479 874 536 Aeschinis
893 494 969 550 qnae
986 481 1121 536 teruntur
1139 479 1288 550 epistolae.

351 685 426 744 sunt
448 700 499 765 ep.
520 679 546 743 I.
570 677 614 742 II.
638 677 696 742 IV.
719 677 760 742 V.
785 677 841 742 Vi.
865 677 956 743 VHI.
979 677 1038 743 IX.
1062 677 1117 759 X,
1141 698 1225 763 quae
1248 698 1359 742 omnes
1374 676 1459 742 inter
1478 698 1513 742 se
1528 681 1674 762 praeter

350 797 400 862 ep.
435 777 480 842 X.
514 775 721 842 cohaerentes
754 775 879 841 hiatum
914 776 1015 841 libere
1051 775 1234 840 admittunt
1285 773 1408 840 Ooutra
1443 776 1476 839 iu
1513 774 1672 859 epistolis

348 874 487 960 publicis
510 874 632 939 scilicet
653 872 714 938 ΠΙ.
739 873 812 938 VH.
836 873 895 938 XI.
919 873 995 938 ΧΠ.
1014 909 1055 918 -
1072 880 1206 958 excepta
1229 873 1364 958 epistola
1383 871 1455 954 IH.,
1479 893 1563 958 qnae
1591 893 1673 936 am-

348 973 453 1037 bitum
475 972 628 1057 epistolae
651 969 796 1056 privatae
818 992 884 1036 non
907 970 1068 1036 excedens
1090 971 1219 1055 generis
1241 970 1423 1056 epistolaris
1448 969 1575 1053 legibus
1606 968 1673 1032 ob-

348 1074 509 1154 temperat
538 1067 594 1148 (cf.
623 1069 865 1155 theopempto)
895 1066 1048 1151 ἀπέθανε,
1077 1069 1167 1134 πόλει
1193 1066 1325 1154 αἰσχίνρ,
1354 1067 1374 1132 3
1401 1076 1457 1132 τοῦ
1485 1065 1592 1152 ὅμοια)
1623 1099 1672 1110 —-

350 1171 463 1231 auctor
495 1165 602 1231 hiatus
637 1167 725 1231 omni
758 1187 822 1251 qna
855 1186 916 1251 par
947 1171 995 1230 est
1028 1165 1195 1251 diligentia
1229 1165 1371 1246 evitavit,
1406 1165 1528 1250 pariter
1559 1168 1671 1248 atque

349 1264 385 1328 in
412 1263 610 1329 orationibus
636 1264 706 1349 ipse
730 1263 917 1329 Aeschines.
963 1263 1092 1328 Etenim
1118 1264 1152 1328 iu
1181 1263 1317 1349 epistole
1339 1262 1412 1327 VH.
1442 1262 1528 1326 huuc
1555 1281 1671 1325 unum

349 1361 474 1426 hiatum
489 1383 622 1448 gravem
629 1361 654 1442 ¹)
671 1361 883 1447 deprehendi:
910 1363 931 1426 4
946 1360 1006 1446 ἠδη
1027 1359 1237 1448 ἐψηφίσασθε,
1261 1362 1317 1448 qui
1331 1360 1468 1426 fortasse
1484 1360 1671 1424 verborum

350 1459 463 1524 ordine
483 1466 605 1525 mutato
626 1459 824 1524 amovendus
844 1464 902 1539 est,
928 1480 1002 1524 cum
1022 1459 1093 1523 aliis
1113 1459 1275 1524 nonnullis
1296 1480 1336 1524 ex
1360 1458 1428 1523 cod.
1442 1456 1475 1520 H
1495 1455 1670 1520 medicina

350 1563 465 1643 parata
492 1559 547 1622 sit:
576 1557 596 1621 3
621 1558 663 1634 εἰς
685 1559 722 1622 τὸ
750 1553 958 1642 δεσμωτήριον
983 1559 1038 1623 τὸν
1064 1553 1184 1644 πατέρα
1210 1576 1267 1621 σου
1295 1555 1342 1620 H:
1370 1559 1425 1622 τὸν
1451 1553 1571 1640 πατέρα
1601 1575 1670 1618 σου

350 1654 393 1734 εἰς
414 1659 451 1722 τὸ
474 1655 683 1741 δεσμωτήριον
705 1673 741 1735 α;
764 1657 801 1720 οὐ
823 1657 914 1721 κοινὰ
934 1651 1022 1720 ταῦτ’
1044 1653 1120 1722 εἶναι
1142 1657 1217 1741 πρὸς
1240 1654 1288 1718 H:
1311 1657 1401 1720 κοινὰ
1418 1648 1504 1718 ταῦτ’
1523 1650 1602 1717 εἶναι
1626 1652 1668 1713 οὐ

349 1763 411 1830 τοῖς
438 1756 507 1838 περὶ
534 1772 570 1833 ο;
599 1752 812 1837 θεμιστοκλέα
837 1755 891 1818 καί
913 1753 1086 1839 ἀριστείδην
1113 1751 1146 1816 Η
1174 1750 1416 1833 (excusandustz
1445 1746 1668 1834 θεμιστοκλὲα

349 1852 371 1934 ἡ
402 1851 574 1936 ἀριστείδην
610 1870 641 1931 a,
676 1852 697 1915 4
728 1851 861 1936 ἐμαυτὸν
892 1850 1010 1915 HAV:
1046 1851 1100 1936 ἐμὲ
1132 1852 1225 1917 αὐτὸν
1257 1848 1294 1914 0.
1350 1849 1390 1914 Iu
1427 1846 1565 1933 epistula
1596 1844 1666 1908 XI.

350 1952 460 2011 autem
486 1954 615 2032 praeter
641 1947 681 2029 ἕξ
705 1945 773 2032 ssa,
801 1971 884 2035 quae
911 1948 1052 2013 hiatibus
1080 1955 1213 2030 scatent,
1240 1948 1356 2013 hisch
1383 1943 1667 2012 commemorandi

350 2050 426 2110 sunt
447 2045 511 2110 loci
534 2048 552 2109 7
569 2047 615 2112 θα
635 2048 797 2133 ἀθηναίοις
813 2046 899 2124 (fort.
922 2047 1060 2126 exous.);
1083 2047 1121 2109 11
1140 2046 1309 2131 θαυμαστὰ
1324 2048 1398 2112 ὅσον
1414 2065 1448 2107 a:
1473 2043 1665 2126 θαυμαστὸν

351 2145 424 2209 ὅσον
447 2164 528 2208 corr.
552 2143 664 2209 Reisk.
689 2166 775 2230 sqq.;
801 2146 841 2207 12
865 2143 892 2209 εἰ
912 2141 1096 2229 ὁμονοητὲον
1119 2142 1248 2228 (corrig.
1256 2141 1295 2224 ?).
1334 2141 1480 2228 Epistola
1500 2138 1578 2203 XII.
1604 2139 1666 2202 vix

349 2241 458 2325 plures
481 2241 588 2321 habet3
610 2242 717 2306 hiatus
733 2243 819 2306 euim
843 2263 916 2306 cum
939 2243 985 2306 ὅτι
1014 2242 1047 2318 (4
1070 2242 1116 2306 ὅτι
1138 2241 1233 2323 οὐδὲ),
1256 2242 1285 2305 οἱ
1313 2241 1348 2321 (4
1372 2236 1609 2324 stamperto),
1640 2237 1663 2320 ἢ

351 2339 408 2418 (13
430 2340 452 2422 ἢ
476 2340 508 2403 ἐν
525 2341 603 2424 -s,
626 2340 668 2406 ἐν,
695 2341 736 2402 14
758 2341 779 2424 ἢ
802 2337 979 2421 ἀθηναίων)
1003 2339 1110 2403 effecti
1132 2338 1219 2403 haud
1243 2338 1308 2404 scio
1336 2359 1378 2403 au
1401 2335 1559 2402 tolerandi
1582 2333 1662 2399 sint.

351 2435 531 2520 Supersunt
553 2435 601 2499 hi:
627 2437 645 2500 5
663 2436 826 2521 ἄνθρωποι
841 2439 952 2515 octog:
974 2439 1081 2520 οὕτως,
1103 2437 1188 2522 quod
1209 2443 1392 2522 suspectum
1409 2441 1467 2515 est,
1484 2469 1525 2478 -
1543 2453 1662 2498 seusus

349 2531 491 2617 postulat
502 2532 650 2610 ὡσαύτως
662 2533 714 2596 vel
726 2533 830 2597 simile
846 2533 924 2617 quid
936 2569 989 2614 —,
1006 2533 1196 2598 deleverunt
1207 2533 1399 2599 Turieenses
1412 2554 1497 2618 sqq.;
1516 2533 1557 2594 14
1568 2552 1662 2616 χαρι-

351 2629 486 2713 σάμενοι,
504 2629 670 2714 ἐποιήσατε
686 2629 773 2711 (fort.
791 2629 930 2712 exous.);
956 2634 994 2695 15
1012 2631 1140 2717 ὀρφανοί
1154 2627 1217 2716 (θ’)
1232 2635 1310 2717 dna:
1331 2627 1366 2697 θ’
1381 2636 1512 2716 propter
1531 2628 1662 2693 hiatum

350 2726 486 2790 inseruit
518 2725 675 2808 Blassius;
710 2729 750 2791 17
783 2728 880 2794 πάλαι
908 2729 1007 2814 ὑμῶνι
1039 2729 1172 2795 παλαιὸν
1199 2731 1285 2814 ὑμῶν
1311 2729 1381 2814 ipse
1408 2726 1545 2807 conieci3
1577 2725 1659 2790 ibid.

352 2822 377 2909 ᾧ
400 2825 641 2910 ἀναγκαιότερον
657 2826 795 2892 editores
818 2827 995 2893 secundum
1012 2827 1086 2891 VB:
1110 2833 1143 2891 at
1166 2827 1359 2892 constructio
1376 2824 1560 2891 anacoluthi
1575 2822 1661 2887 haec

351 2928 400 2986 est
422 2923 618 3008 χρηστότητα
639 2926 694 2989 καὶ
716 2925 963 3010 φιλανθρωπίαν,
985 2924 1028 3009 ἣν
1051 2924 1109 3006 (sic
1133 2925 1177 3010 A,
1191 2923 1246 3011 04)
1269 2923 1496 3008 παρακαλῶν
1520 2957 1561 2965 -
1588 2917 1661 3002 [οὐκ

351 3041 414 3085 om.
438 3020 483 3106 A,
496 3015 550 3106 04]
573 3019 714 3107 αἰσχίνης
737 3024 873 3106 οὐδαμοῦ
897 3021 957 3108 (A2
973 3021 1028 3109 04)
1053 3023 1096 3108 μὰ
1118 3026 1189 3101 τοὺς
1211 3024 1317 3104 θεοὺς,
1342 3022 1390 3102 (οὐ
1413 3024 1473 3105 γὰρ
1500 3019 1660 3103 αὐτάρκης

351 3163 460 3182 ....
492 3118 612 3183 πείθειν
645 3118 772 3201 δοκῶν),
803 3115 873 3185 ἀλλ’
904 3121 921 3184 ὁ
953 3127 1010 3202 τῆς
1039 3121 1160 3198 πόλεως
1186 3119 1299 3206 τρόπος
1326 3122 1380 3184 καί
1404 3167 1412 3182 .
1437 3166 1445 3182 .
1469 3163 1478 3180 .
1503 3166 1512 3181 .
1535 3118 1572 3181 τὸ
1594 3124 1659 3180 τῶν

351 3211 512 3299 προγόνων
538 3213 619 3298 ἦθος
643 3252 684 3260 -
712 3218 1005 3302 ἀναγκαιότερον
1033 3217 1222 3302 δήπουθεν
1250 3217 1331 3297 (scil.
1360 3219 1439 3301 αὐτῇ
1470 3236 1509 3278 ex
1534 3212 1585 3298 ἣν)
1614 3213 1659 3289 ὡς

352 3309 454 3397 (A042
477 3319 550 3396 post
573 3314 846 3396 comparationem
868 3315 1099 3399 posterioribus
1119 3314 1152 3377 iu
1174 3315 1246 3395 usu)
1270 3313 1445 3399 μελανώπῳ
1467 3306 1546 3376 καθ’
1567 3311 1659 3396 ἡμῶν

352 3407 487 3493 δεομένῳ
509 3409 691 3494 προσέχοιτε
707 3408 819 3496 (404).
857 3410 957 3474 Vides
980 3416 1136 3494 quantum
1158 3412 1262 3476 bonae
1282 3411 1386 3496 frugis
1405 3411 1437 3474 in
1458 3410 1508 3474 his
1528 3429 1659 3493 quoque

352 3505 494 3590 epistolis
506 3526 546 3569 ex
555 3506 673 3570 codicis
682 3505 715 3570 H
727 3507 884 3571 memoria
895 3507 1077 3572 redundare
1086 3514 1204 3593 posset,
1215 3509 1374 3595 siquidem
1387 3513 1549 3593 superstes
1562 3512 1658 3571 esset.

351 3601 481 3667 Etenim
504 3604 600 3667 etiarn
624 3603 806 3684 difficultas,
831 3626 914 3690 quae
937 3604 969 3668 iu
994 3603 1061 3669 XII
1087 3608 1126 3670 17
1150 3607 1263 3689 iuerat,
1288 3606 1462 3672 memoriae
1485 3605 1572 3669 illius
1595 3625 1658 3689 ope

352 3700 479 3765 sublata
501 3707 560 3782 est,
583 3722 681 3785 quam
704 3722 778 3765 cum
801 3701 834 3766 H
857 3709 1028 3786 cognatam
1051 3704 1200 3789 praebuit
1226 3705 1345 3770 codicis
1368 3705 1399 3768 A
1422 3709 1583 3768 corrector
1606 3723 1658 3766 sc-

353 3797 491 3862 cundus:
526 3798 566 3862 de
600 3820 664 3882 quo
692 3799 802 3863 videas
830 3799 916 3864 infra
944 3821 975 3885 p.
1004 3802 1057 3867 43.
1103 3801 1143 3866 Iu
1171 3802 1314 3888 epistolis
1341 3801 1366 3866 I.
1397 3808 1428 3866 et
1454 3799 1507 3864 VI.
1536 3807 1657 3880 autem,

353 3914 437 3976 quae
470 3895 604 3980 privatis
639 3897 901 3962 annumerandae
932 3904 1016 3979 sunt,
1051 3900 1170 3964 codicis
1196 3899 1230 3964 Η
1262 3899 1417 3965 lectiones
1452 3897 1656 3982 recipiamus,

353 3990 478 4055 etiamsi
492 3991 616 4057 hiatum
632 3994 794 4076 exhibent,
819 3995 874 4080 qui
890 4001 1016 4060 tautum
1030 3997 1064 4060 iu
1080 3997 1216 4082 publicis
1232 3997 1375 4082 epistolis
1391 4018 1487 4082 aegre
1503 3996 1658 4061 ferendus
1683 4061 1686 4066 .

354 4092 411 4151 est
444 4087 551 4173 Atque
574 4090 624 4153 his
648 4111 731 4175 quae
747 4093 880 4178 exposui
903 4093 1020 4158 codicis
1036 4093 1069 4158 H
1091 4094 1322 4178 praestantiam
1346 4096 1433 4159 omni
1456 4093 1658 4158 dubitatione

353 4190 534 4268 exemptam
558 4206 628 4250 esse
651 4189 808 4254 existimo.

443 4361 534 4435 Quae
563 4385 636 4428 cum
670 4366 716 4429 ita
743 4387 777 4430 se
804 4367 955 4448 habeant,
991 4368 1132 4433 codicem
1161 4367 1194 4432 H
1221 4369 1376 4454 optimam
1411 4392 1481 4435 esse
1508 4392 1656 4436 normam

353 4460 394 4525 ad
417 4459 572 4525 librorum
598 4461 853 4528 Aeschiueorum
882 4465 1105 4530 auctoritatem
1132 4464 1372 4531 diiudicandam
1400 4469 1483 4533 ultro
1512 4476 1656 4555 apparet.

445 4607 471 4674 1)
489 4606 594 4664 Hiatus
606 4610 636 4665 iu
657 4610 716 4666 fine
727 4611 841 4681 periodi
859 4615 910 4669 aut
928 4612 1060 4682 membri,
1080 4615 1146 4683 post
1160 4614 1334 4671 vocabulum
1346 4619 1393 4668 ναι
1406 4618 1460 4672 etc.
1474 4616 1656 4673 excusandos

353 4689 405 4743 aut
424 4686 709 4747 elisionstollendos
728 4705 786 4746 uon
806 4707 884 4748 cum.
